%% Created using Papers on Wed, 03 Sep 2014.
%% http://papersapp.com/papers/

@IEEEtranBSTCTL{IEEEexample:BSTcontrol,
  CTLdash_repeated_names = "no"
}

@article{Backhaus:2014,
author = {Backhaus, S and Bent, R and Bienstock, D and Chertkov, M and Krishnamurthy, D},
title = {{Efficient synchronization stability metrics for
fault clearing}},
journal = {to be submitted},
}

@ARTICLE{386159, 
author={Hsiao-Dong Chiang and Chia-Chi Chu}, 
journal={Circuits and Systems I: Fundamental Theory and Applications, IEEE Transactions on}, 
title={Theoretical foundation of the {BCU} method for direct stability analysis of network-reduction power system. Models with small transfer conductances}, 
year={1995}, 
month={May}, 
volume={42}, 
number={5}, 
pages={252-265}, 
keywords={power system analysis computing;power system planning;power system stability;power system transients;BCU method;boundary of stability region;classical machine stability model;direct stability analysis;large-scale power system;network-reduction power system;transfer conductances;unstable equilibrium point;Control systems;Power system analysis computing;Power system modeling;Power system planning;Power system reliability;Power system simulation;Power system stability;Power system transients;Stability analysis;Transient analysis}, 
doi={10.1109/81.386159}, 
ISSN={1057-7122},}

@article{Singh:2001,
author = {Singh, C and Hiskens, I A},
title = {{Direct assessment of protection operation and
non-viable transients}},
journal = {Power Systems, IEEE Transactions on},
year = {2001},
volume = {16},
number = {3},
pages = {427--434}
}

@article{Javadmadani2014sdp,
  title={SDP Solver of Optimal Power Flow User’s Manual},
  author={Madani, Ramtin and Ashraphijuo, Morteza and Lavaei, Javad},
  year={2014},
}

@article{januszquiros2014constrained,
  title={Constrained spectral clustering-based methodology for intentional controlled islanding of large-scale power systems},
  author={Quir{\'o}s-Tort{\'o}s, Jairo and S{\'a}nchez-Garc{\'\i}a, Rub{\'e}n and Brodzki, Jacek and Bialek, Janusz and Terzija, Vladimir},
  journal={IET Generation, Transmission \& Distribution},
  volume={9},
  number={1},
  pages={31--42},
  year={2014},
  publisher={IET Digital Library}
}

@ARTICLE{6774471,
author={Sanchez-Garcia, R.J. and Fennelly, M. and Norris, S. and Wright, N. and Niblo, G. and Brodzki, J. and Bialek, J.W.},
journal={Power Systems, IEEE Transactions on},
title={Hierarchical Spectral Clustering of Power Grids},
year={2014},
month={Sept},
volume={29},
number={5},
pages={2229-2237}
}

@article{siddiqui2015preventive,
  title={Preventive and Emergency Control of Power System for Transient Stability Enhancement},
  author={Siddiqui, Shahbaz A and Verma, Kusum and Niazi, KR and Fozdar, Manoj},
  journal={Journal of Electrical Engineering \& Technology},
  volume={10},
  number={1},
  pages={83--91},
  year={2015},
  publisher={KOREAN INST ELECTR ENG 901 KSTC, 635-4 YEOKSAM-DONG, GANGNAM-GU, SEOUL, 135-703, SOUTH KOREA}
}

@INPROCEEDINGS{7077021,
author={Mosbah, M. and Hellal, A. and Mohammedi, R.D. and Arif, S.},
booktitle={Electrical Sciences and Technologies in Maghreb (CISTEM), 2014 International Conference on},
title={Genetic Algorithms based Optimal Load Shedding with Transient Stability Constraints},
year={2014},
month={Nov},
pages={1-6}
}


@ARTICLE{4487649, 
author={Cai, H.R. and Chung, C.Y. and Wong, K.P.}, 
journal={Power Systems, IEEE Transactions on}, 
title={Application of Differential Evolution Algorithm for Transient Stability Constrained Optimal Power Flow}, 
year={2008}, 
month={May}, 
volume={23}, 
number={2}, 
pages={719-728}, 
keywords={evolutionary computation;load flow control;power markets;power system transient stability;differential evolution algorithm;electricity demand;electricity market deregulation;nonlinear optimization problem;optimal power flow;transient stability constraints;Differential evolution;optimal power flow;parallel computation;power system operation;power system transient stability}, 
doi={10.1109/TPWRS.2008.919241}, 
ISSN={0885-8950},}

@ARTICLE{6575172, 
author={Alaraifi, S. and El Moursi, M.S. and Zeineldin, H.H.}, 
journal={Power Systems, IEEE Transactions on}, 
title={Optimal Allocation of {HTS-FCL} for Power System Security and Stability Enhancement}, 
year={2013}, 
month={Nov}, 
volume={28}, 
number={4}, 
pages={4701-4711}, 
keywords={high-temperature superconductors;integer programming;nonlinear programming;particle swarm optimisation;power system security;power system transient stability;superconducting fault current limiters;voltage regulators;HTS-FCL optimal allocation;MATLAB simulation;MINLP problem;New-England 39-bus system;PSCAD-ETMDC;dynamic current-dependent model;high-temperature superconducting fault current limiter;mixed-integer nonlinear programming problem;particle swarm optimization;power system security;power system stability enhancement;power system transient;rotor angle stability;voltage stability;Circuit faults;Circuit stability;High-temperature superconductors;Power system stability;Stability criteria;Thermal stability;Angular stability;high-temperature superconducting fault current limiter (HTS-FCL);multimachine system;particle swarm optimization (PSO);voltage recovery}, 
doi={10.1109/TPWRS.2013.2273539}, 
ISSN={0885-8950},}

@article{Hiskens:1992,
author = {Hiskens, I A and
Hill, D J},
title = {{Incorporation of SVCs into energy function methods}},
journal = {Power Systems, IEEE Transactions on},
year = {1992},
volume = {7},
number = {1},
pages = {133--140}
}

@article{bergen1981structure,
  title={A structure preserving model for power system stability analysis},
  author={Bergen, Arthur R and Hill, David J},
  journal={Power Apparatus and Systems, IEEE Transactions on},
  number={1},
  pages={25--35},
  year={1981},
  publisher={IEEE}
}

@article{Prajna:2005,
author = {Prajna, S and Papachristodoulou, A and Seiler, P and Parrilo, P A},
title = {{SOSTOOLS and its control applications}},
journal = {Positive polynomials in Control, Lecture Notes in Control and Information Sciences},
year = {Springer, 2005},
volume = {312},
pages = {273--292}
}


@article{Lur:1944,
author = {Lur'e, A I and Postnikov, V N},
title = {{On the theory of stability of control systems}},
journal = {Applied Mathematics and Mechanics},
year = {1944 (in Russian)},
volume = {8},
number = {3}
}

@inproceedings{Casagrande:2011,
author = {Casagrande, D and Astolfi, A and Ortega, R},
title = {{Global stabilization of
non-globally linearizable triangular systems: Application to transient
stability of power systems}},
booktitle = {Proc. 50th IEEE Conf. Decis. Control Eur.
Control Conf., },
year = {Orlando, Florida, USA, Dec. 12ï¿½-15, 2011},
pages = {331--336},
publisher = {IEEE}
}

@inproceedings{Casagrande:2012,
author = {Casagrande, D and Astolfi, A and Ortega, R and Langarica, D},
title = {{A solution to
the problem of transient stability of multimachine power systems}},
booktitle = {Proc. 51st IEEE Conf. Decis. Control},
year = {Maui, HI, USA, Dec. 10ï¿½-13, 2012},
pages = {1703--1708},
publisher = {IEEE}
}

@article{Dib:2009,
author = {Dib, W and Ortega, R and Barabanov, A and Lamnabhi-Lagarrigue, F},
title = {{A globally
convergent controller for multi-machine power systems using structure preserving
models}},
journal = {Autom. Control, IEEE Trans. },
year = {2009},
volume = {54},
number = {9},
pages = {2179--2185}
}

@article{Chiang:1994cUEP,
author = {Chiang, Hsiao-Dong and Wu, F F and Varaiya, P P},
title = {{A BCU method for direct analysis of power system transient stability }},
journal = {Power Systems, IEEE Transactions on},
year = {1994},
volume = {9},
number = {3},
pages = {1194--1208}
}
@article{Vu:2014,
author = {Vu, T L and Turitsyn, K},
title = {{Lyapunov functions family approach to transient stability assessment}},
journal = {Power Systems, IEEE Transactions on},
year = {2014, in press}
}

@article{Mirollo:1990,
author = {Mirollo, R E and Strogatz, S H},
title = {{Synchronization of Pulse-Coupled Biological Oscillators}},
journal = {SIAM Journal on Applied Mathematics},
year = {1990},
volume = {50},
number = {6},
pages = {1645--1662}
}

@inproceedings{Reynolds:1987,
author = {Reynolds, C W},
title = {{Flocks, herds, and schools: A distributed behavioral
model}},
booktitle = {Comput. Graph. (ACM SIGGRAPHï¿½87 Conf. Proc.)},
year = {1987},
pages = {25--34},
}



@article{Shimoyama:1996,
author = {Shimoyama, N and Sugawara, K and Mizuguchi, T and Hayakawa, Y and Sano, M},
title = {{Collective motion in a system of motile elements}},
journal = {Phys. Rev. Lett.},
year = {1996},
volume = {76},
number = {20},
pages = {3870--3873}
}

@inproceedings{Estrin:1999,
author = {Estrin, D and Govindan, R and Heidemann, J and Kumar, S},
title = {{Next century
challenges: Scalable coordination in sensor networks}},
booktitle = {Proc. Mobile
Comput. Network.},
year = {1999},
pages = {263--270},
}



@article{Shaw:1975,
author = {Shaw, E},
title = {{Fish in schools}},
journal = {Natural History},
year = {1975},
volume = {84},
number = {8},
pages = {40--45}
}

@article{Chiang:1989lg,
author = {Chiang, H.-D.},
title = {{Study of the existence of energy functions for power
systems with losses}},
journal = {Circuits Syst., IEEE Trans.},
year = {1989},
volume = {39},
number = {11},
pages = {1423--1429}
}


@article{Dorfler:2011,
author = {Dorfler, F and Bullo, F},
title = {{On the critical coupling for Kuramoto oscillators}},
journal = {Applied Dynamical Systems, SIAM Journal on},
year = {2011},
volume = {10},
number = {3},
pages = {1070--1099}
}

@article{Dorfler:2012,
author = {Dorfler, F and Bullo, F},
title = {{Synchronization and transient stability in power networks and
nonuniform Kuramoto oscillators}},
journal = {Control and Optimization, SIAM Journal on},
year = {2012},
volume = {50},
number = {3},
pages = {1116--1642}
}

@article{Dorfler:2013,
author = {Dorfler, F and Chertkov, M and Bullo, F},
title = {{Synchronization in complex oscillator networks and
smart grids}},
journal = {Proceedings of the National Academy of Sciences},
year = {2013},
volume = {110},
number = {6},
pages = {2005--2010}
}



@inproceedings{Anghel:2013,
author = {Anghel, M and Anderson, J and Papachristodoulou, A},
title = {{Stability analysis of power systems using network decomposition and local gain
analysis}},
booktitle = {2013 IREP Symposium-Bulk Power System Dynamics and Control},
year = {2013},
pages = {978--984},
publisher = {IEEE}
}

@article{Caliskan:2014,
author = {Caliskan, S Y and Tabuada, P},
title = {{Compositional transient stability analysis
of multimachine power networks}},
journal = {Control of Network Systems, IEEE Transactions on},
year = {2014},
volume = {1},
number = {1},
pages = {4--14}
}



@article{Yakubovich:1967,
author = {Yakubovich, V A},
title = {{Frequency conditions for the absolute stability of
control systems with several nonlinear or linear nonstationary units}},
journal = {Avtomat. i Telemekhan.},
year = {1967},
volume = {6},
pages = {5--30}
}

@article{Popov:1962,
author = {Popov, V M},
title = {{Absolute stability of nonlinear systems of automatic
control}},
journal = {Automation Remote Control},
year = {1962, Russian original in Aug. 1961},
volume = {22},
pages = {857--875}
}


@article{Megretski:1997,
author = {Megretski, A and Rantzer, A},
title = {{System analysis via integral quadratic constraints}},
journal = {Automatic Control, IEEE Transactions on},
year = {1997},
volume = {42},
number = {6},
pages = {819--830}
}



@article{Ghandhari:2001el,
author = {Ghandhari, M and Andersson, G and Hiskens, I A},
title = {{Control Lyapunov functions for controllable series devices}},
journal = {Power Systems, IEEE Transactions on},
year = {2001},
volume = {16},
number = {4},
pages = {689--694}
}

@inproceedings{Dorfler:2010ce,
author = {Do x0308 rfler, F and Bullo, F},
title = {{Synchronization and transient stability in power networks and non-uniform Kuramoto oscillators}},
booktitle = {American Control Conference (ACC), 2010},
year = {2010},
pages = {930--937},
publisher = {IEEE}
}

@inproceedings{Tong:2010,
author = {Tong, J and Chiang, H.-D and Tada, Y},
title = {{On-line power system stability screening of practical power system models using TEPCO-BCU}},
booktitle = {ISCAS},
year = {2010},
pages = {537--540},
}


@article{Madani:2014hv,
author = {Madani, R and Sojoudi, S and Lavaei, J},
title = {{Convex Relaxation for Optimal Power Flow Problem: Mesh Networks}},
journal = {Power Systems, IEEE Transactions on},
year = {2014},
number = {99},
pages = {1--13}
}

@article{Genc:2010fw,
author = {Genc, I and Diao, R and Vittal, V and Kolluri, S and Mandal, S},
title = {{Decision Tree-Based Preventive and Corrective Control Applications for Dynamic Security Enhancement in Power Systems}},
journal = {Power Systems, IEEE Transactions on},
year = {2010},
volume = {25},
number = {3},
pages = {1611--1619}
}

@article{Diao:2010hu,
author = {Diao, R and Vittal, V and Logic, N},
title = {{Design of a Real-Time Security Assessment Tool for Situational Awareness Enhancement in Modern Power Systems}},
journal = {Power Systems, IEEE Transactions on},
year = {2010},
volume = {25},
number = {2},
pages = {957--965}
}

@article{Khaitan:2012hw,
author = {Khaitan, S K and McCalley, J D},
title = {{TDPSS: A Scalable Time Domain Power System Simulator for Dynamic Security Assessment}},
journal = {High Performance Computing, Networking, Storage and Analysis (SCC), 2012 SC Companion},
year = {2012},
pages = {323--332}
}

@article{Molzahn:2014jp,
author = {Molzahn, D K and Lesieutre, B C and DeMarco, C L},
title = {{A Sufficient Condition for Global Optimality of Solutions to the Optimal Power Flow Problem}},
journal = {Power Systems, IEEE Transactions on},
year = {2014},
volume = {29},
number = {2},
pages = {978--979}
}

@article{Anghel:2013wz,
author = {Anghel, M and Milano, F},
title = {{Algorithmic construction of lyapunov functions for power system stability analysis}},
journal = {Circuits and Systems I:  Regular Papers, IEEE Transactions on},
year = {2013},
volume = {60},
number = {9},
pages = {2533--2546}
}

@article{Michel:1983hl,
author = {Michel, A N and Fouad, A and Vittal, V},
title = {{Power system transient stability using individual machine energy functions}},
journal = {Circuits and Systems, IEEE Transactions on},
year = {1983},
volume = {30},
number = {5},
pages = {266--276}
}

@article{Mihalic:2004dp,
author = {Mihalic, R and Gabrijel, U},
title = {{A structure-preserving energy function for a static series synchronous compensator}},
journal = {Power Systems, IEEE Transactions on},
year = {2004},
volume = {19},
number = {3},
pages = {1501--1507}
}

@article{Fouad:1991bp,
author = {Fouad, A A and Vekataraman, S and Davis, J A},
title = {{An expert system for security trend analysis of a stability-limited power system}},
journal = {Power Systems, IEEE Transactions on},
year = {1991},
volume = {6},
number = {3},
pages = {1077--1084}
}

@article{Chiang:1988di,
author = {Chiang, Hsiao-Dong and Wu, F F and Varaiya, P P},
title = {{Foundations of the potential energy boundary surface method for power system transient stability analysis}},
journal = {Circuits and Systems, IEEE Transactions on},
year = {1988},
volume = {35},
number = {6},
pages = {712--728}
}

@article{Sobajic:1988bv,
author = {Sobajic, D J and Pao, Y H},
title = {{An artificial intelligence system for power system contingency screening}},
journal = {Power Systems, IEEE Transactions on},
year = {1988},
volume = {3},
number = {2},
pages = {647--653}
}

@article{Kundur:2004ig,
author = {Kundur, P and Paserba, J and Ajjarapu, V and Andersson, G and Bose, A and Canizares, C and Hatziargyriou, N and Hill, D and Stankovic, A and Taylor, C and Van Cutsem, T and Vittal, V},
title = {{Definition and classification of power system stability IEEE/CIGRE joint task force on stability terms and definitions}},
journal = {Power Systems, IEEE Transactions on},
year = {2004},
volume = {19},
number = {3},
pages = {1387--1401}
}

@article{Vaahedi:1998gg,
author = {Vaahedi, E and Mansour, Y and Tse, E K},
title = {{A general purpose method for on-line dynamic security assessment}},
journal = {Power Systems, IEEE Transactions on},
year = {1998},
volume = {13},
number = {1},
pages = {243--249}
}

@article{Zou:2003ji,
author = {Zou, Yun and Yin, Ming-Hui and Chiang, Hsiao-Dong},
title = {{Theoretical foundation of the controlling UEP method for direct transient-stability analysis of network-preserving power system models}},
journal = {Circuits and Systems I: Fundamental Theory and Applications, IEEE Transactions on},
year = {2003},
volume = {50},
number = {10},
pages = {1324--1336}
}

@article{McNabb:2012gv,
author = {McNabb, P and Bialek, J},
title = {{A priori transient stability indicator of islanded power systems using Extended Equal Area Criterion}},
journal = {Power and Energy Society General Meeting, 2012 IEEE},
year = {2012},
pages = {1--7}
}

@article{Huang:2012il,
author = {Huang, Zhenyu and Jin, Shuangshuang and Diao, Ruisheng},
title = {{Predictive Dynamic Simulation for Large-Scale Power Systems through High-Performance Computing}},
journal = {High Performance Computing, Networking, Storage and Analysis (SCC), 2012 SC Companion},
year = {2012},
pages = {347--354}
}

@article{Nagel:2013kf,
author = {Nagel, I and Fabre, L and Pastre, M and Krummenacher, F and Cherkaoui, R and Kayal, M},
title = {{High-Speed Power System Transient Stability Simulation Using Highly Dedicated Hardware}},
journal = {Power Systems, IEEE Transactions on},
year = {2013},
volume = {28},
number = {4},
pages = {4218--4227}
}

@article{Sun:2007fa,
author = {Sun, Kai and Likhate, S and Vittal, V and Kolluri, V S and Mandal, S},
title = {{An Online Dynamic Security Assessment Scheme Using Phasor Measurements and Decision Trees}},
journal = {Power Systems, IEEE Transactions on},
year = {2007},
volume = {22},
number = {4},
pages = {1935--1943}
}

@inproceedings{Dorfler:2013vq,
author = {D{\"o}rfler, F and Chertkov, M and Bullo, F},
title = {{Synchronization in complex oscillator networks and smart grids}},
booktitle = {Proceedings of the National {\ldots}},
year = {2013}
}

@article{Lavaei:2012fu,
author = {Lavaei, J and Low, S H},
title = {{Zero Duality Gap in Optimal Power Flow Problem}},
journal = {Power Systems, IEEE Transactions on},
year = {2012},
volume = {27},
number = {1},
pages = {92--107}
}

@article{Lv:2013jv,
author = {Lv, Jiaqing and Pawlak, M and Annakkage, U D},
title = {{Prediction of the Transient Stability Boundary Using the Lasso}},
journal = {Power Systems, IEEE Transactions on},
year = {2013},
volume = {28},
number = {1},
pages = {281--288}
}

@article{Zhou:1999kt,
author = {Zhou, Guozhong and McCalley, J D},
title = {{Composite security boundary visualization}},
journal = {Power Systems, IEEE Transactions on},
year = {1999},
volume = {14},
number = {2},
pages = {725--731}
}

@article{Chiang:2010gi,
author = {Chiang, Hsiao-Dong and Tong, Jianzhong and Tada, Y},
title = {{On-line transient stability screening of 14,000-bus models using TEPCO-BCU: Evaluations and methods}},
journal = {Power and Energy Society General Meeting, 2010 IEEE},
year = {2010},
pages = {1--8}
}

@inproceedings{Abazari:2003dg,
author = {Abazari, S and Mahdavi, J and Ehsan, M and Zolghadri, M},
title = {{Transient stability improvement by using advanced static VAr compensator}},
booktitle = {Power Tech Conference Proceedings, 2003 IEEE Bologna},
year = {2003},
pages = {149--155},
publisher = {IEEE}
}


@book{Anderson:2003,
author = {Anderson, P. M. and Fouad, A. A.},
title = {{Power Systems Control and Stability (2nd ed.)}},
publisher = {John Wiley {\&} Sons},
year = {2003},
series = {IEEE Press Power Engineering Series},
address = {Piscataway, NJ, USA},
}

@book{Blackburn:1998,
author = {Blackburn, J L},
title = {{Protective Relaying Principles and Applications (2nd ed.)}},
publisher = {New York: Marcel Dekker},
year = {1998},
}

@book{Cutsem:1998,
author = { van Cutsem, T and
Vournas, C},
title = {{Voltage Stability of Electric Power Systems}},
publisher = {Kluwer (Springer)},
year = {1998},
}


@book{Chiang:2011eo,
author = {Chiang, Hsiao-Dong},
title = {{Direct Methods for Stability Analysis of Electric Power Systems}},
publisher = {John Wiley {\&} Sons},
year = {2011},
series = {Theoretical Foundation, BCU Methodologies, and Applications},
address = {Hoboken, NJ, USA},
month = mar
}


@book{Khalil:2002,
author = {Khalil, Hassan K.},
title = {{Nonlinear Systems (3rd. Ed.)}},
publisher = {Prentice Hall},
year = {2002},
address = {Upper Saddle River, NJ, USA},
}

@article{Narasimhamurthi:1984ji,
author = {Narasimhamurthi, N and Musavi, M},
title = {{A generalized energy function for transient stability analysis of power systems}},
journal = {Circuits and Systems, IEEE Transactions on},
year = {1984},
volume = {31},
number = {7},
pages = {637--645}
}

@article{Xu:2012ii,
author = {Xu, Yan and Dong, Zhao Yang and Zhao, Jun Hua and Zhang, Pei and Wong, Kit Po},
title = {{A Reliable Intelligent System for Real-Time Dynamic Security Assessment of Power Systems}},
journal = {Power Systems, IEEE Transactions on},
year = {2012},
volume = {27},
number = {3},
pages = {1253--1263}
}

@article{Suampun:2010hb,
author = {Suampun, W and Chiang, Hsiao-Dong},
title = {{Critical evaluation of methods for estimating stability boundary for transient stability analysis in power systems}},
journal = {Power and Energy Society General Meeting, 2010 IEEE},
year = {2010},
pages = {1--8}
}

@article{Pai:1981dv,
author = {Pai, M A and Padiyar, K R and RadhaKrishna, C},
title = {{Transient Stability Analysis of Multi-Machine AC/DC Power Systems via Energy-Function Method}},
journal = {Power Engineering Review, IEEE},
year = {1981},
number = {12},
pages = {49--50}
}

@article{Hiskens:1997Lya,
author = {Davy, R and Hiskens, I A},
title = {{Lyapunov functions for multi-machine power systems with dynamic loads}},
journal = {Circuits and Systems I: Fundamental Theory and Applications, IEEE Transactions on},
year = {1997},
VOLUME ={44}
number = {9},
pages = {796--812}
}

@article{Hiskens:1996reactive,
author = {Hiskens, I A and Chakrabarti, B B},
title = {{Direct calculation of reactive power limit points}},
journal = {International Journal of Electrical Power and Energy Systems},
year = {1996},
VOLUME ={18}
number = {2},
pages = {121--129}
}

@article{Hiskens:1995,
author = {Hiskens, I A},
title = {{Analysis tools for power systems -- Contending with nonlinearities}},
journal = {Proceedings of the IEEE},
year = {1995},
VOLUME ={83}
number = {11},
pages = {1573--1587}
}

@article{venkatasubramanian1995dynamics,
  title={Dynamics of large constrained nonlinear systems-a taxonomy theory [power system stability]},
  author={Venkatasubramanian, Vaithianathan and Schattler, Heinz and Zaborsky, J},
  journal={Proceedings of the IEEE},
  volume={83},
  number={11},
  pages={1530--1561},
  year={1995},
  publisher={IEEE}
}

@article{venkatasubramanian1991taxonomy,
  title={A taxonomy of the dynamics of the large power system with emphasis on its voltage stability},
  author={Venkatasubramanian, V and Schattler, H and Zaborszky, J},
  journal={Bulk Power System Voltage Phenomena II: Voltage Stability and Security, Deep Creek Lake, MD},
  year={1991}
}

@article{hill1989lyapunov,
  title={Lyapunov functions of Lur'e-Postnikov form for structure preserving models of power systems},
  author={Hill, David J and Chong, Chi Nai},
  journal={Automatica},
  volume={25},
  number={3},
  pages={453--460},
  year={1989},
  publisher={Pergamon}
}

@article{vournas1995voltage,
  title={Voltage oscillations with cascaded load restoration},
  author={Vournas, Costas and Van Cutsem, Thierry},
  journal={Proc. of the IEEE KTH Stockholm Power Tech. conference (Power Systems volume)},
  year={1995}
}

@article{Chiang:1994ir,
author = {Chiang, Hsiao-Dong and Wu, F F and Varaiya, P P},
title = {{A BCU method for direct analysis of power system transient stability}},
journal = {Power Systems, IEEE Transactions on},
year = {1994},
volume = {9},
number = {3},
pages = {1194--1208},
month = aug
}

@article{He:2013bz,
author = {He, Miao and Zhang, Junshan and Vittal, V},
title = {{Robust Online Dynamic Security Assessment Using Adaptive Ensemble Decision-Tree Learning}},
journal = {Power Systems, IEEE Transactions on},
year = {2013},
volume = {28},
number = {4},
pages = {4089--4098}
}

@article{Mansour:1997dd,
author = {Mansour, Y and Chang, A Y and Tamby, J and Vaahedi, E and Corns, B R and El-Sharkawi, M A},
title = {{Large scale dynamic security screening and ranking using neural networks}},
journal = {Power Systems, IEEE Transactions on},
year = {1997},
volume = {12},
number = {2},
pages = {954--960}
}

@article{Wehenkel:1989eo,
author = {Wehenkel, L and Van Cutsem, Th and Ribbens-Pavella, M},
title = {{An Artificial Intelligence Framework for On-Line Transient Stability Assessment of Power Systems}},
journal = {Power Engineering Review, IEEE},
year = {1989},
volume = {9},
number = {5},
pages = {77--78}
}

@article{Jensen:2001kx,
author = {Jensen, C A and El-Sharkawi, M A and Marks, R J},
title = {{Power system security assessment using neural networks: feature selection using Fisher discrimination}},
journal = {Power Systems, IEEE Transactions on},
year = {2001},
volume = {16},
number = {4},
pages = {757--763}
}

@article{Zhu:2013df,
author = {Zhu, Yunan and Jian, Jinbao and Wu, Jiekang and Yang, Linfeng},
title = {{Global Optimization of Non-Convex Hydro-Thermal Coordination Based on Semidefinite Programming}},
journal = {Power Systems, IEEE Transactions on},
year = {2013},
volume = {28},
number = {4},
pages = {3720--3728}
}

@article{Makarova:2000,
author = {Makarova, Y V and Hillb, D J and Hiskens, I A},
title = {{Properties of quadratic equations and their application to power
system analysis}},
journal = {Electrical Power and Energy Systems},
year = {2000},
volume = {22},
pages = {313--323}
}



@article{Lessard:2014,
author = {Lessard, L and Recht, B and Packard, A},
title = {{Analysis and design of optimization algorithms via integral quadratic constraints}},
journal = {(arXiv)},
}

@article{Hecke:1994,
author = {Hecke, Ed J V},
title = {{Indices Predicting Voltage Collapse Including
Dynamic Phenomena}},
journal = {CIGRE Task Force 38-02-11 Rep.},
year = {Dec. 1994},
}
@article{Mehta:2014,
author = {Mehta, D and Nguyen, H and Turitsyn, K},
title = {{Numerical Polynomial Homotopy Continuation Method to Locate All The Power Flow Solutions}},
journal = {(arXiv)},
}



@article{Chandra:2014,
author = {Chandra, S and Mehta, D and Chakrabortty, A},
title = {{Exploring the Impact of Wind Penetration on Power System Equilibrium Using a Numerical Continuation Approach}},
journal = {(arXiv)},
}



@article{hiskens1989energy,
  title={Energy functions, transient stability and voltage behaviour in power systems with nonlinear loads},
  author={Hiskens, Ian A and Hill, David J},
  journal={Power Systems, IEEE Transactions on},
  volume={4},
  number={4},
  pages={1525--1533},
  year={1989},
  publisher={IEEE}
}

@article{ghandhari2001control,
  title={Control Lyapunov functions for controllable series devices},
  author={Ghandhari, Mehrdad and Andersson, G{\"o}ran and Hiskens, Ian A},
  journal={Power Systems, IEEE Transactions on},
  volume={16},
  number={4},
  pages={689--694},
  year={2001},
  publisher={IEEE}
}

@article{chang1995direct,
  title={Direct stability analysis of electric power systems using energy functions: theory, applications, and perspective},
  author={Chang, Hsiao-Dong and Chu, Chia-Chi and Cauley, Gerry},
  journal={Proceedings of the IEEE},
  volume={83},
  number={11},
  pages={1497--1529},
  year={1995},
  publisher={IEEE}
}

@article{Chiang:1989gn,
author = {Chiang, Hsiao-Dong and Thorp, J S},
title = {{The closest unstable equilibrium point method for power system dynamic security assessment}},
journal = {Circuits and Systems, IEEE Transactions on},
year = {1989},
volume = {36},
number = {9},
pages = {1187--1200}
}

@article{Liu:1997co,
author = {Liu, Chih-Wen and Thorp, J S},
title = {{A novel method to compute the closest unstable equilibrium point for transient stability region estimate in power systems}},
journal = {Circuits and Systems I: Fundamental Theory and Applications, IEEE Transactions on},
year = {1997},
volume = {44},
number = {7},
pages = {630--635}
}

@inproceedings{Lee:2003hg,
author = {Lee, Jaewook},
title = {{A novel homotopy-based algorithm for the closest unstable equilibrium point method in nonlinear stability analysis}},
booktitle = {Circuits and Systems, 2003. ISCAS '03. Proceedings of the 2003 International Symposium on},
year = {2003},
pages = {--III--11},
publisher = {IEEE}
}




@article{Hristov:2013kc,
author = {Hristov, P E and Yorino, N and Zoka, Y and Sasaki, Y and Sugihara, H},
title = {{Robust method for detection of CUEP for power system transient stability screening}},
journal = {Innovative Smart Grid Technologies Europe (ISGT EUROPE), 2013 4th IEEE/PES},
year = {2013},
pages = {1--5}
}


@article{Chen:2009gs,
author = {Chen, Lei and Min, Yong and Xu, Fei and Wang, Kai-Peng},
title = {{A Continuation-Based Method to Compute the Relevant Unstable Equilibrium Points for Power System Transient Stability Analysis}},
journal = {Power Systems, IEEE Transactions on},
year = {2009},
volume = {24},
number = {1},
pages = {165--172}
}

@inproceedings{Chesi:2010,
  title={On the admissible equilibrium points of nonlinear dynamical
systems affected by parametric uncertainty: Characterization via
\text{LMI}s},
  author={Chesi, G},
  booktitle={IEEE Multi-Conference on Systems and Control,  Yokohama, Japan},
  pages={351--356},
  year={2010},
  organization={IEEE}
}

@inproceedings{molzahn2013sufficient,
  title={Sufficient conditions for power flow insolvability considering reactive power limited generators with applications to voltage stability margins},
  author={Molzahn, Daniel K and Dawar, Vikas and Lesieutre, Bernard C and DeMarco, Christopher L},
  booktitle={Bulk Power System Dynamics and Control-IX Optimization, Security and Control of the Emerging Power Grid (IREP), 2013 IREP Symposium},
  pages={1--11},
  year={2013},
  organization={IEEE}
}



@book{machowski2011power,
  title={Power system dynamics: stability and control},
  author={Machowski, Jan and Bialek, Janusz and Bumby, Jim},
  year={2011},
  publisher={John Wiley \& Sons}
}

@article{Vu:2014,
author = {Vu, T L and Turitsyn, K},
title = {{Lyapunov functions family approach to transient stability assessment}},
journal = {Power Systems, IEEE Trans. },
year = {2014, in review}
}

@inproceedings{Vu:2014acc,
author = {Vu, T L and Turitsyn, K},
title = {{Synchronization stability of lossy and uncertain power grids}},
booktitle = {2015 American Control Conference},
year = {to appear in Proceeding},
}

@article{chandraIEEE14,
author = {Chandra, S and Gayme, D F and Chakrabortty, A},
title = {{Coordinating wind farms and battery management
systems for inter-area oscillation damping: A frequency-domain approach}},
year = {2014},
}

@article{Karlsson:1994,
  author={Karlsson, D and Hill, D J},
  title={Modelling and identification of nonlinear dynamic loads in power systems},
  journal={Power Systems, IEEE Transactions on},
  volume={9},
  number={1},
  pages={157--166},
  year={1994},
  publisher={IEEE}
}

@article{Martins:2013,
  author={Martins, N and de Marco, F and Silva, A and Dill, G},
  title={Report on the brazilian 7-bus equivalent model},
  journal={IEEE PES Task Force on Benchmark Systems for Stability Controls, Tech. Rep.,},
  year={July 2013. [Online].
Available: http://www.sel.eesc.usp.br/ieee/},
}

@inproceedings{nguyen2014appearance,
  title={Appearance of multiple stable load flow solutions under power flow reversal conditions},
  author={Nguyen, H D and Turitsyn, K S},
  booktitle={Power and Energy Society General Meeting},
  year={2014},
  organization={IEEE}
}
@inproceedings{Chiang:1992ct,
author = {Chiang, Hsiao-Dong and Fekih-Ahmed, L},
title = {{On the direct method for transient stability analysis of power system structure preserving models}},
booktitle = {Circuits and Systems, 1992. ISCAS '92. Proceedings., 1992 IEEE International Symposium on},
year = {1992},
pages = {2545--2548},
publisher = {IEEE}
}

@article{ajjarapu1992continuation,
  title={The continuation power flow: a tool for steady state voltage stability analysis},
  author={Ajjarapu, Venkataramana and Christy, Colin},
  journal={Power Systems, IEEE Transactions on},
  volume={7},
  number={1},
  pages={416--423},
  year={1992},
  publisher={IEEE}
}

@article{ma1993efficient,
  title={An efficient algorithm to locate all the load flow solutions},
  author={Ma, Weimin and Thorp, JS},
  journal={Power Systems, IEEE Transactions on},
  volume={8},
  number={3},
  pages={1077--1083},
  year={1993},
  publisher={IEEE}
}

@article{liu2005toward,
  title={Toward a CPFLOW-based algorithm to compute all the type-1 load-flow solutions in electric power systems},
  author={Liu, Chih-Wen and Chang, Chen-Sung and Jiang, Joe-Air and Yeh, G-H},
  journal={Circuits and Systems I: Regular Papers, IEEE Transactions on},
  volume={52},
  number={3},
  pages={625--630},
  year={2005},
  publisher={IEEE}
}

@article{molzahn2013counterexample,
  title={Counterexample to a Continuation-Based Algorithm for Finding All Power Flow Solutions},
  author={Molzahn, Daniel K and Lesieutre, Bernard C and Chen, Heng},
  journal={Power Systems, IEEE Transactions on},
  volume={28},
  number={1},
  pages={564--565},
  year={2013},
  publisher={IEEE}
}

@book{SW:05,
author = {Sommese, Andrew J and Wampler,Charles W},
title  = {The numerical solution of systems of polynomials arising in Engineering and Science},
year   = {2005},
publisher = {World Scientific Publishing Company},
}

@book{BCSS,
    AUTHOR = {Blum, L. and Cucker, F. and Shub, M. and Smale, S.},
     TITLE = {Complexity and real computation},
      NOTE = {With a foreword by Richard M. Karp},
 PUBLISHER = {Springer-Verlag},
   ADDRESS = {New York},
      YEAR = {1998}
}

@ARTICLE{Thorp,
author={Ma, W. and Thorp, J.S.},
journal={Power Systems, IEEE Transactions on},
title={An efficient algorithm to locate all the load flow solutions},
year={1993},
month={Aug},
volume={8},
number={3},
pages={1077-1083},
}

@book{Kundur,
    address = {New York},
    author = {Kundur, Prabha},
    citeulike-article-id = {2317099},
    keywords = {stability},
    posted-at = {2008-02-01 01:53:01},
    priority = {2},
    title = {{Power System Stability and Control}},
    year = {1994}
}

@article{Morgan1987101,
title = "A homotopy for solving general polynomial systems that respects m-homogeneous structures ",
author = "Alexander Morgan and Andrew Sommese",
journal = "Applied Mathematics and Computation ",
volume = "24",
number = "2",
pages = "101 - 113",
year = "1987"
}

@book{SW:95,
author = {Sommese, A.J. and Wampler, C.W.},
title  = {The numerical solution of systems of polynomials arising in Engineering and Science},
year   = {2005},
publisher = {World Scientific Publishing Company},
}

@article{Li:2003,
  title = {Solving polynomial systems by the homotopy continuation method},
  author = {Li, T.Y.},
  journal = {Handbook of numerical analysis},
  volume = {XI},
  pages = {209-304},
  year = {2003},
}

@ARTICLE{2010arXiv1011.1091H,
   author = {{Hauenstein}, Jonathan D. and {Sottile}, Frank},
    title = "{Algorithm 921: alphaCertified: certifying solutions to polynomial systems}",
  journal = {ACM TOMS},
  volume = {38},
  issue = {4},
  pages = {28},
  year = {2012},
}

@article{lacommare2006cost,
  title={Cost of power interruptions to electricity consumers in the United States (US)},
  author={LaCommare, Kristina Hamachi and Eto, Joseph H},
  journal={Energy},
  volume={31},
  number={12},
  pages={1845--1855},
  year={2006},
  publisher={Elsevier}
}


%------------------
% Aranya part
@article{bose,
  title={Smart transmission grid applications and their supporting infrastructure},
  author={Bose, Anjan},
  journal={Smart Grid, IEEE Transactions on},
  volume={1},
  number={1},
  pages={11--19},
  year={2010},
  publisher={IEEE}
}

@article{hiskens,
  title={Exploring the power flow solution space boundary},
  author={Hiskens, Ian A and Davy, Robert J},
  journal={Power Systems, IEEE Transactions on},
  volume={16},
  number={3},
  pages={389--395},
  year={2001},
  publisher={IEEE}
}

@article{chiang,
  title={On the existence and uniqueness of load flow solution for radial distribution power networks},
  author={Chiang, Hsiao-Dong and Baran, Mesut E},
  journal={Circuits and Systems, IEEE Transactions on},
  volume={37},
  number={3},
  pages={410--416},
  year={1990},
  publisher={IEEE}
}

@article{overbye,
  title={Computation of a practical method to restore power flow solvability},
  author={Overbye, Thomas J},
  journal={Power Systems, IEEE Transactions on},
  volume={10},
  number={1},
  pages={280--287},
  year={1995},
  publisher={IEEE}
}

@techreport{wind,
  title         = {20\% Wind Energy by 2030: {I}ncreasing Wind Energy's Contribution to
{U.S.} Electricity Supply},
  author   = {{National Renewable Energy Laboratory}},
  year          = {2008},
  month ={July},
  institution   = {US Dept. of Energy},
  number={DOE/GO-102008-2567},
}

@techreport{brazil7bus,
           title = {Report on the Brazilian 7-bus Equivalent Model},
    author = { Martins, N. and  de Marco, F.J. and Silva, A.S. and Dill, G.K.},
          year = {2013},
          month = {July},
    institution = {IEEE PES Task Force on Benchmark Systems for Stability
Controls},
            url={http://www.sel.eesc.usp.br/ieee/}
}

@ARTICLE{ugalde2013,
author={Ugalde-Loo, C.E. and Ekanayake, J.B. and Jenkins, N.},
journal={IEEE Trans. on Industry Applications },
title={State-Space Modeling of Wind Turbine Generators for Power System Studies},
year={2013},
volume={49},
number={1},
pages={223-232},
}

@ARTICLE{konsta,
   author = {{Mehta}, D. and {Nguyen}, H. and {Turitsyn}, K.},
    title = "{Numerical Polynomial Homotopy Continuation Method to Locate All The Power Flow Solutions}",
  journal = {ArXiv e-prints},
archivePrefix = "arXiv",
   eprint = {1408.2732},
 primaryClass = "nlin.CD",
     year = 2014,
}

@article{hill_load94,
  title={Modelling and identification of nonlinear dynamic loads in power systems},
  author={Karlsson, Daniel and Hill, David J},
  journal={Power Systems, IEEE Transactions on},
  volume={9},
  number={1},
  pages={157--166},
  year={1994},
  publisher={IEEE}
}
@article{Hiskens_load95,
  title={Effects of load dynamics on power system damping},
  author={Milanovic, Jovica V and Hiskens, IA},
  journal={Power Systems, IEEE Transactions on},
  volume={10},
  number={2},
  pages={1022--1028},
  year={1995},
  publisher={IEEE}
}


@article{lu_dynamic95,
    author = {Lu, C.-F. and Liu, C.-C. and Wu, C.-J.},
    title = {Dynamic modelling of battery energy storage system and application to power system stability},
    volume = {142},
    number = {4},
    journal = {{IEEE} Proc. Generation, Transmission and Distribution},
    month = {Jul.},
    year = {1995},
    pages = {429 --435},
    }
@inproceedings{Chen11,
  title={Modeling and control for large capacity battery energy storage system},
  author={Chen, Zhong and Ding, Ming and Su, Jianhui},
  booktitle={Electric Utility Deregulation and Restructuring and Power Technologies (DRPT), 2011 4th International Conference on},
  pages={1429--1436},
  year={2011},
  organization={IEEE}
}

@article{Montes:02,
 author = {Antonio Montes},
 title = {A new algorithm for discussing Gr\"{o}bner bases with parameters},
 journal = {J. Symb. Comput.},
 volume = {33},
 number = {2},
 year = {2002},
 issn = {0747-7171},
 pages = {183--208},
 doi = {http://dx.doi.org/10.1006/jsco.2001.0504},
 publisher = {Academic Press, Inc.},
 address = {Duluth, MN, USA},
 }
 
 @article{buchberger2006bruno,
  title={Bruno Buchbergerâ€™s PhD thesis 1965: An algorithm for finding the basis elements of the residue class ring of a zero dimensional polynomial ideal},
  author={Buchberger, Bruno},
  journal={Journal of symbolic computation},
  volume={41},
  number={3},
  pages={475--511},
  year={2006},
  publisher={Elsevier}
}

@book{CLO:07,
 author = {David A. Cox and John Little and Donal O'Shea},
 title = {Ideals, Varieties, and Algorithms: An Introduction to Computational Algebraic Geometry and Commutative Algebra, 3/e (Undergraduate Texts in Mathematics)},
 year = {2007},
 isbn = {0387356509},
 publisher = {Springer-Verlag New York, Inc.},
 address = {Secaucus, NJ, USA},
 }
 
 @book{Chiang:2013,
 author = {H.-D. Chiang and H. Li and J. Tong and Y. Tada},
 title = {On-Line Transient Stability Screening of a Practical 14,500-Bus Power System: Methodology and Evaluations
 (in High Performance Computing in Power and Energy Systems)},
 year = {2013},
 isbn = {978-3-642-32682-0},
 publisher = {Springer-Verlag New York, Inc.},
 address = {Secaucus, NJ, USA},
 }
 
 @INPROCEEDINGS{70552,
author={Salam, F. M A and Ni, L. and Guo, S. and Sun, X.},
booktitle={Decision and Control, 1989., Proceedings of the 28th IEEE Conference on},
title={Parallel processing for the load flow of power systems: the approach and applications},
year={1989},
month={Dec},
pages={2173-2178 vol.3}}

@book{sommese2005numerical,
  title={The Numerical solution of systems of polynomials arising in engineering and science},
  author={Sommese, Andrew John and Wampler, Charles Weldon},
  volume={99},
  year={2005},
  publisher={World Scientific}
}

@misc{bates2012paramotopy,
  title={Paramotopy: Parameter homotopies in parallel},
  author={Bates, DANIEL J and Brake, DANIEL A and Niemerg, MATTHEW E},
  year={2012},
  publisher={preparation}
}

@article{rostalski2011numerical,
  title={Numerical algebraic geometry for optimal control applications},
  author={Rostalski, Philipp and Fotiou, Ioannis A and Bates, Daniel J and Beccuti, A Giovanni and Morari, Manfred},
  journal={SIAM Journal on Optimization},
  volume={21},
  number={2},
  pages={417--437},
  year={2011},
  publisher={SIAM}
}

@INPROCEEDINGS{aranyapramod,
author={Chakrabortty, A and Khargonekar, P P},
booktitle={American Control Conference, Washington, DC},
title={Introduction to Wide-Area Control of Power Systems},
year={July 2013},
}




@ieeetranbstctl{BSTcontrol,
        CTLdash_repeated_names = {no},
        CTLuse_alt_spacing = {no}}

@article{eto2001scoping,
  title={Scoping study on trends in the economic value of electricity reliability to the US economy},
  author={Eto, Joseph and Koomey, Jonathan and Lehman, Bryan and Martin, Nathan and Mills, Evan and Webber, Carrie and Worrell, Ernst},
  journal={Lawrence Berkeley National Laboratory},
  year={2001}
}

@article{kirkpatrick1983optimization,
  title={Optimization by simmulated annealing},
  author={Kirkpatrick, Scott and Gelatt, C Daniel and Vecchi, Mario Ps},
  journal={science},
  volume={220},
  number={4598},
  pages={671--680},
  year={1983},
  publisher={Washington}
}

@article{mulvey1995robust,
  title={Robust optimization of large-scale systems},
  author={Mulvey, John M and Vanderbei, Robert J and Zenios, Stavros A},
  journal={Operations research},
  volume={43},
  number={2},
  pages={264--281},
  year={1995},
  publisher={INFORMS}
}

@article{ben2002robust,
  title={Robust optimization--methodology and applications},
  author={Ben-Tal, Aharon and Nemirovski, Arkadi},
  journal={Mathematical Programming},
  volume={92},
  number={3},
  pages={453--480},
  year={2002},
  publisher={Springer}
}

@article{lavaei2012zero,
  title={Zero duality gap in optimal power flow problem},
  author={Lavaei, Javad and Low, Steven H},
  journal={Power Systems, IEEE Transactions on},
  volume={27},
  number={1},
  pages={92--107},
  year={2012},
  publisher={IEEE}
}

@inproceedings{low2013convex,
  title={Convex relaxation of optimal power flow: a tutorial},
  author={Low, Steven H},
  booktitle={Bulk Power System Dynamics and Control-IX Optimization, Security and Control of the Emerging Power Grid (IREP), 2013 IREP Symposium},
  pages={1--15},
  year={2013},
  organization={IEEE}
}

@article{coffrin2014linear,
  title={A linear-programming approximation of AC power flows},
  author={Coffrin, Carleton and Van Hentenryck, Pascal},
  journal={INFORMS Journal on Computing},
  year={2014},
  publisher={INFORMS}
}

@book{machowski2011power,
  title={Power system dynamics: stability and control},
  author={Machowski, Jan and Bialek, Janusz and Bumby, Jim},
  year={2011},
  publisher={John Wiley \& Sons}
}
@article{bertsekas1999nonlinear,
  title={Nonlinear programming},
  author={Bertsekas, Dimitri P},
  year={1999},
  publisher={Athena Scientific}
}

@article{zobian1997unbundling,
  title={Unbundling of transmission and ancillary services. I. Technical issues},
  author={Zobian, Assef and Ilic, Marija D},
  journal={Power Systems, IEEE Transactions on},
  volume={12},
  number={2},
  pages={539--548},
  year={1997},
  publisher={IEEE}
}

@inproceedings{tong2005distributed,
  title={A distributed slack bus model and its impact on distribution system application techniques},
  author={Tong, Shiqiong and Kleinberg, Michael and Miu, Karen},
  booktitle={Circuits and Systems, 2005. ISCAS 2005. IEEE International Symposium on},
  pages={4743--4746},
  year={2005},
  organization={IEEE}
}

@inproceedings{coffrin2012approximating,
  title={Approximating line losses and apparent power in AC power flow linearizations},
  author={Coffrin, Carleton and Van Hentenryck, Pascal and Bent, Russell},
  booktitle={Power and Energy Society General Meeting, 2012 IEEE},
  pages={1--8},
  year={2012},
  organization={IEEE}
}

@inproceedings{overbye2004comparison,
  title={A comparison of the AC and DC power flow models for LMP calculations},
  author={Overbye, Thomas J and Cheng, Xu and Sun, Yan},
  booktitle={System Sciences, 2004. Proceedings of the 37th Annual Hawaii International Conference on},
  pages={9--pp},
  year={2004},
  organization={IEEE}
}

@inproceedings{bouchez2012hpc,
  title={HPC for power systems in the framework of PEGASE project},
  author={Bouchez, F-X and Haut, B and Platbrood, L and Karoui, K},
  booktitle={Power and Energy Society General Meeting, 2012 IEEE},
  pages={1--8},
  year={2012},
  organization={IEEE}
}

@inproceedings{tang2012analysis,
  title={Analysis and lessons of the blackout in Indian power grid on July 30 and 31, 2012},
  author={Tang, Yong and Bu, Guangquan and Yi, Jun},
  booktitle={Zhongguo Dianji Gongcheng Xuebao(Proceedings of the Chinese Society of Electrical Engineering)},
  volume={32},
  number={25},
  pages={167--174},
  year={2012},
  organization={Chinese Society for Electrical Engineering}
}
@article{lacommare2006cost,
  title={Cost of power interruptions to electricity consumers in the United States (US)},
  author={LaCommare, Kristina Hamachi and Eto, Joseph H},
  journal={Energy},
  volume={31},
  number={12},
  pages={1845--1855},
  year={2006},
  publisher={Elsevier}
}

@book{constable2003century,
  title={A century of innovation: twenty engineering achievements that transformed our lives},
  author={Constable, George and Somerville, Bob},
  year={2003},
  publisher={Joseph Henry Press}
}

@article{woodbury1950inverting,
  title={Inverting modified matrices},
  author={Woodbury, Max A},
  journal={Memorandum report},
  volume={42},
  pages={106},
  year={1950}
}

@article{bolognani2014existence,
  title={On the existence and linear approximation of the power flow solution in power distribution networks},
  author={Bolognani, Saverio and Zampieri, Sandro},
  journal={arXiv preprint arXiv:1403.5031},
  year={2014}
}


@book{zhou1998essentials,
  title={Essentials of robust control},
  author={Zhou, Kemin and Doyle, John Comstock},
  volume={104},
  year={1998},
  publisher={Prentice hall Upper Saddle River, NJ}
}
@article{akgun2001fast,
  title={Fast exact linear and non-linear structural reanalysis and the Sherman--Morrison--Woodbury formulas},
  author={Akg{\"u}n, Mehmet A and Garcelon, John H and Haftka, Raphael T},
  journal={International Journal for Numerical Methods in Engineering},
  volume={50},
  number={7},
  pages={1587--1606},
  year={2001},
  publisher={Wiley Online Library}
}

@article{wang1992robust,
  title={Robust control of a class of uncertain nonlinear systems},
  author={Wang, Youyi and Xie, Lihua and de Souza, Carlos E},
  journal={Systems \& Control Letters},
  volume={19},
  number={2},
  pages={139--149},
  year={1992},
  publisher={Elsevier}
}
@article{Kaplunovich2015,
  title={N-2 dangerous contingency detection},
  author={Kaplunovich, P and Turitsyn, K},
  journal={in preparation for IEEE Transactions on Power Systems},
  year={2014}
}

@article{roberts2015algebraic,
  title={An algebraic metric for parametric stability analysis of power systems},
  author={Roberts, Lewis and Champneys, Alan and Bell, Keith and di Bernardo, Mario},
  journal={arXiv preprint arXiv:1503.07914},
  year={2015}
}


@article{lacommare2006cost,
  title={Cost of power interruptions to electricity consumers in the United States (US)},
  author={LaCommare, Kristina Hamachi and Eto, Joseph H},
  journal={Energy},
  volume={31},
  number={12},
  pages={1845--1855},
  year={2006},
  publisher={Elsevier}
}

@article{schweppe1970power,
  title={Power system static-state estimation, Part III: Implementation},
  author={Schweppe, Fred C},
  journal={Power Apparatus and Systems, IEEE Transactions on},
  number={1},
  pages={130--135},
  year={1970},
  publisher={IEEE}
}

@book{monticelli1999state,
  title={State estimation in electric power systems: a generalized approach},
  author={Monticelli, Alcir},
  volume={507},
  year={1999},
  publisher={Springer}
}

@book{abur2004power,
  title={Power system state estimation: theory and implementation},
  author={Abur, Ali and Exposito, Antonio Gomez},
  year={2004},
  publisher={CRC Press}
}

@article{xie2002information,
  title={An information architecture for future power systems and its reliability analysis},
  author={Xie, Zhaoxia and Manimaran, G and Vittal, Vijay and Phadke, AG and Centeno, Virgilio},
  journal={Power Systems, IEEE Transactions on},
  volume={17},
  number={3},
  pages={857--863},
  year={2002},
  publisher={IEEE}
}

@article{baran1994state,
  title={State estimation for real-time monitoring of distribution systems},
  author={Baran, Mesut E and Kelley, Arthur W},
  journal={Power Systems, IEEE Transactions on},
  volume={9},
  number={3},
  pages={1601--1609},
  year={1994},
  publisher={IEEE}
}

@article{jiang2000adaptive,
  title={An adaptive PMU based fault detection/location technique for transmission lines. I. Theory and algorithms},
  author={Jiang, Joe-Air and Yang, Jun-Zhe and Lin, Ying-Hong and Liu, Chih-Wen and Ma, Jih-Chen},
  journal={Power Delivery, IEEE Transactions on},
  volume={15},
  number={2},
  pages={486--493},
  year={2000},
  publisher={IEEE}
}

@article{phadke2008wide,
  title={The wide world of wide-area measurement},
  author={Phadke, AG and de Moraes, Rui Menezes},
  journal={Power and Energy Magazine, IEEE},
  volume={6},
  number={5},
  pages={52--65},
  year={2008},
  publisher={IEEE}
}

@article{zhou2006alternative,
  title={An alternative for including phasor measurements in state estimators},
  author={Zhou, Ming and Centeno, Virgilio A and Thorp, James S and Phadke, Arun G},
  journal={Power Systems, IEEE Transactions on},
  volume={21},
  number={4},
  pages={1930--1937},
  year={2006},
  publisher={IEEE}
}

@article{ben2002robust,
  title={Robust optimization--methodology and applications},
  author={Ben-Tal, Aharon and Nemirovski, Arkadi},
  journal={Mathematical Programming},
  volume={92},
  number={3},
  pages={453--480},
  year={2002},
  publisher={Springer}
}

@book{heyman2003stochastic,
  title={Stochastic Models in Operations Research: Stochastic Optimization},
  author={Heyman, Daniel P and Sobel, Matthew J},
  volume={2},
  year={2003},
  publisher={Courier Dover Publications}
}

@article{bienstock2012chance,
  title={Chance constrained optimal power flow: Risk-aware network control under uncertainty},
  author={Bienstock, Daniel and Chertkov, Michael and Harnett, Sean},
  journal={arXiv preprint arXiv:1209.5779},
  year={2012}
}

@incollection{vrakopoulou2013probabilistic,
  title={Probabilistic guarantees for the N-1 security of systems with wind power generation},
  author={Vrakopoulou, Maria and Margellos, Kostas and Lygeros, John and Andersson, G{\"o}ran},
  booktitle={Reliability and Risk Evaluation of Wind Integrated Power Systems},
  pages={59--73},
  year={2013},
  publisher={Springer}
}

@article{pfitzner2011controlled,
  title={Controlled tripping of overheated lines mitigates power outages},
  author={Pfitzner, Ren{\'e} and Turitsyn, Konstantin and Chertkov, Michael},
  journal={arXiv preprint arXiv:1104.4558},
  year={2011}
}

@inproceedings{pfitzner2011statistical,
  title={Statistical classification of cascading failures in power grids},
  author={Pfitzner, Ren{\'e} and Turitsyn, Konstantin and Chertkov, Michael},
  booktitle={Power and Energy Society General Meeting, 2011 IEEE},
  pages={1--8},
  year={2011},
  organization={IEEE}
}

@article{Nguyen,
  title={Appearance of multiple stable load flow solutions under power flow reversal conditions},
  author={Nguyen, Hung D and Turitsyn, Konstantin S},
  journal={arXiv preprint arXiv:1404.6591},
  year={2014}
}

@article{turitsyn2011options,
  title={Options for control of reactive power by distributed photovoltaic generators},
  author={Turitsyn, Konstantin and Sulc, Petr and Backhaus, Scott and Chertkov, Michael},
  journal={Proceedings of the IEEE},
  volume={99},
  number={6},
  pages={1063--1073},
  year={2011},
  publisher={IEEE}
}

@inproceedings{pfitzner2011statistical,
  title={Statistical classification of cascading failures in power grids},
  author={Pfitzner, Ren{\'e} and Turitsyn, Konstantin and Chertkov, Michael},
  booktitle={Power and Energy Society General Meeting, 2011 IEEE},
  pages={1--8},
  year={2011},
  organization={IEEE}
}

@inproceedings{ecke2011mass,
  title={Mass Transport Measurement in 3D Porous Media for Carbon Sequestration},
  author={Ecke, Robert and Backhaus, Scott and Turitsyn, Konstantin},
  booktitle={APS Meeting Abstracts},
  volume={1},
  pages={16001},
  year={2011}
}

@article{pfitzner2011controlled,
  title={Controlled tripping of overheated lines mitigates power outages},
  author={Pfitzner, Ren{\'e} and Turitsyn, Konstantin and Chertkov, Michael},
  journal={to appear in Springer Volume on cascading failures, arXiv:1104.4558},
  year={2011}
}

@inproceedings{wang2012distflow,
  title={DistFlow ODE: Modeling, analyzing and controlling long distribution feeder},
  author={Wang, Danhua and Turitsyn, Konstantin and Chertkov, Michael},
  booktitle={Decision and Control (CDC), 2012 IEEE 51st Annual Conference on},
  pages={5613--5618},
  year={2012},
  organization={IEEE}
}


@inproceedings{podolsky2013random,
  title={Random load fluctuations and collapse probability of a power system operating near codimension 1 saddle-node bifurcation},
  author={Podolsky, Dmitry and Turitsyn, Konstantin},
  booktitle={Power and Energy Society General Meeting (PES), 2013 IEEE},
  pages={1--5},
  year={2013},
  organization={IEEE}
}


@inproceedings{podolsky2013critical,
  title={Critical slowing-down as indicator of approach to the loss of stability},
  author={Podolsky, Dmitry and Turitsyn, Konstantin},
  booktitle={SmartGridComm},
  year={2014},
  organization={IEEE}
}

@inproceedings{kaplunovich2014statistical,
  title={Statistical properties and classification of N-2 contingencies in large scale power grids},
  author={Kaplunovich, PA and Turitsyn, KS},
  booktitle={System Sciences (HICSS), 2014 47th Hawaii International Conference on},
  pages={2517--2526},
  year={2014},
  organization={IEEE}
}

@article{nguyen2014appearance,
  title={Appearance of multiple stable load flow solutions under power flow reversal conditions},
  author={Nguyen, Hung D and Turitsyn, Konstantin S},
  journal={to appear in proceedings of Power Engineering Society General Meeting, Washington DC, 2014, arXiv:1404.6591},
  year={2014}
}

@article{nguyen2014voltage,
  title={Voltage multi-stability in distribution grids with power flow reversal},
  author={Nguyen, H D and Turitsyn, K},
  journal={under consideration in IEEE Transactions of Smart Grid, arXiv:1404.6581},
  year={2014}
}

@article{Forbes2013,
  title={Bad News For Power Blackouts: MIT's Killer Algorithm},
  author={William Pentland},
  journal={Forbes, http://www.forbes.com/sites/williampentland/2013/07/02/bad-news-for-power-blackouts-mits-killer-algorithm/},
  year={2013}
}

@article{NBC2013,
  title={Catastrophic power outages on the rise, but new tech helps keep lights on},
  author={John Roach},
  journal={NBC News, http://www.nbcnews.com/tech/innovation/catastrophic-power-outages-rise-new-tech-helps-keep-lights-f6C10513510},
  year={2013}
}

% This file was created with JabRef 2.6.
% Encoding: Cp1252

@PREAMBLE{ "\newcommand{\noopsort}[1]{} " # "\newcommand{\printfirst}[2]{#1} " # "\newcommand{\singleletter}[1]{#1} " # "\newcommand{\switchargs}[2]{#2#1} " }

@article{Rocco2011,
author = {Rocco, Claudio M. and Ramirez-Marquez, Jose Emmanuel and Salazar, Daniel E. and Yajure, Cesar},
doi = {10.1109/TR.2011.2135490},
file = {:Users/pekap/Desktop/ms-thesis/overbye.references/05753983.pdf:pdf},
issn = {0018-9529},
journal = {IEEE Transactions on Reliability},
mendeley-groups = {future research},
month = jun,
number = {2},
pages = {394--403},
title = {{Assessing the Vulnerability of a Power System Through a Multiple Objective Contingency Screening Approach}},
url = {http://ieeexplore.ieee.org/lpdocs/epic03/wrapper.htm?arnumber=5753983},
volume = {60},
year = {2011}
}

@article{WesternHandbook,
author = {{Western Electricicty Coordinating Council, Operating committee handbook, III-119, Revised}},
year = {2005}
}
@TECHREPORT{usca2003,
author = {{USCA}},
title = {{Final Report on the August 14, 2003 Blackout in the United States and Canada}},
number = {US-Canada Power System Outage Task Force},
year = {2004}
}
@techreport{utce2007,
author = {UTCE},
title = {{Final Report System Disturbance on 4 November 2006}},
number = {Union for the Co-ordination of Transmission of Electricity},
year = {2007}
}
@standard{nerc2007,
author = {NERC},
title = {{Standard TOP-004-2: Transmission Operations}},
organization = {North American Electric Reliability Corporation},
year = {2007}
}
@techreport{india2012,
author = {{India Ministry of Power}},
title = {{Report of the Enquiry Committee on Grid Disturbance in Northern Region on 30th July 2012 and in Northern, Eastern \& North-Eastern Region on 31st July 2012}},
year = {2012}
}

@article{Alvarado1976,
author = {Alvarado, F.L. FL},
doi = {10.1109/T-PAS.1976.32193},
issn = {0018-9510},
journal = {Power Apparatus and Systems, IEEE},
month = jul,
number = {4},
pages = {1028--1037},
title = {{Computational complexity in power systems}},
volume = {95},
year = {1976}
}
@article{Ejebe1979,
author = {Ejebe, G. and Wollenberg, B.},
doi = {10.1109/TPAS.1979.319518},
issn = {0018-9510},
journal = {IEEE Transactions on Power Apparatus and Systems},
month = jan,
number = {1},
pages = {97--109},
title = {{Automatic Contingency Selection}},
volume = {PAS-98},
year = {1979}
}
@article{Irisarri1981,
author = {Irisarri, G. and Sasson, A.},
doi = {10.1109/TPAS.1981.316524},
issn = {0018-9510},
journal = {IEEE Transactions on Power Apparatus and Systems},
month = apr,
number = {4},
pages = {1838--1844},
title = {{An Automatic Contingency Selection Method for On-Line Security Analysis}},
volume = {PAS-100},
year = {1981}
}
@article{Stott1985,
author = {Stott, B. and Alsac, O. and Alvarado, F.L.},
doi = {10.1016/0142-0615(85)90044-4},
issn = {01420615},
journal = {International Journal of Electrical Power \& Energy Systems},
month = jul,
number = {3},
pages = {154--160},
title = {{Analytical and computational improvements in performance-index ranking algorithms for networks}},
volume = {7},
year = {1985}
}
@article{Enns1982,
author = {Enns, Mark and Quada, John and Sackett, Bert},
doi = {10.1109/TPAS.1982.317142},
issn = {0018-9510},
journal = {IEEE Transactions on Power Apparatus and Systems},
month = apr,
number = {4},
pages = {783--791},
title = {{Fast Linear Contingency Analysis}},
volume = {PAS-101},
year = {1982}
}
@article{Davis2011,
author = {Davis, C. Matthew and Overbye, Thomas J.},
doi = {10.1109/TPWRS.2010.2087366},
issn = {0885-8950},
journal = {IEEE Transactions on Power Systems},
mendeley-groups = {diplom},
month = aug,
number = {3},
pages = {1294--1301},
title = {{Multiple Element Contingency Screening}},
volume = {26},
year = {2011}
}
@article{Guler2007,
author = {Guler, T. and Gross, G.},
doi = {10.1109/TPWRS.2006.888985},
issn = {0885-8950},
journal = {IEEE Transactions on Power Systems},
mendeley-groups = {diplom},
month = may,
number = {2},
pages = {505--513},
title = {{Detection of island formation and identification of causal factors under multiple line outages}},
volume = {22},
year = {2007}
}
@article{Chen2005,
author = {Chen, Qiming and Member, Student and Mccalley, J.D. James D},
doi = {10.1109/TPWRS.2005.846065},
issn = {0885-8950},
journal = {IEEE Transactions on Power Systems},
keywords = {Contongency probability},
month = may,
number = {2},
pages = {823--834},
title = {{Identifying High Risk N-k Contingencies for Online Security Assessment}},
volume = {20},
year = {2005}
}
@inproceedings{Dosano2009,
author = {Dosano, Rodel D. and Song, Hwachang and Lee, Byongjun},
booktitle = {2009 Transmission \& Distribution Conference \& Exposition: Asia and Pacific},
doi = {10.1109/TD-ASIA.2009.5356963},
month = oct,
pages = {1--4},
publisher = {IEEE},
title = {{Network centrality based N-k contingency scenario generation}},
year = {2009}
}
@article{Halappanavar2012,
author = {Halappanavar, Mahantesh and Chen, Yousu and Adolf, Robert and Haglin, David and Huang, Zhenyu and Rice, Mark},
doi = {10.1109/SC.Companion.2012.45},
isbn = {978-0-7695-4956-9},
journal = {2012 SC Companion: High Performance Computing, Networking Storage and Analysis},
month = nov,
pages = {273--282},
publisher = {Ieee},
title = {{Towards Efficient N-x Contingency Selection Using Group betweenness Centrality}},
year = {2012}
}
@article{Yan2013,
author = {Yan, Jun and Member, Student and Zhu, Yihai and He, Haibo and Member, Senior and Sun, Yan Lindsay},
number = {4},
pages = {646--656},
title = {{Multi-Contingency Cascading Analysis of Smart Grid Based on Self-Organizing Map}},
volume = {8},
year = {2013}
}
@article{Bienstock2010,
 author = {Bienstock, Daniel and Verma, Abhinav},
 title = {The N-k Problem in Power Grids: New Models, Formulations, and Numerical Experiments},
 journal = {SIAM J. on Optimization},
 issue_date = {April 2010},
 volume = {20},
 number = {5},
 month = jun,
 year = {2010},
 issn = {1052-6234},
 pages = {2352--2380},
 numpages = {29},
 doi = {10.1137/08073562X},
 publisher = {Society for Industrial and Applied Mathematics},
 address = {Philadelphia, PA, USA},
 keywords = {discrete optimization, nonconvex optimization, power grids},
} 
@article{Donde2008,
author = {Donde, V. and Lopez, V. and Lesieutre, B. and Pinar, A. and Meza, J.},
doi = {10.1109/TPWRS.2008.919243},
issn = {0885-8950},
journal = {IEEE Transactions on Power Systems},
month = may,
number = {2},
pages = {406--417},
title = {{Severe Multiple Contingency Screening in Electric Power Systems}},
volume = {23},
year = {2008}
}
@article{Chen2005,
author = {Chen, Qiming and Member, Student and Mccalley, J.D. James D},
doi = {10.1109/TPWRS.2005.846065},
issn = {0885-8950},
journal = {IEEE Transactions on Power Systems},
month = may,
number = {2},
pages = {823--834},
title = {{Identifying High Risk N-k Contingencies for Online Security Assessment}},
volume = {20},
year = {2005}
}
@INPROCEEDINGS{Mori2001, 
author={Mori, H. and Goto, Y.}, 
booktitle={Systems, Man, and Cybernetics, 2001 IEEE International Conference on}, 
title={A tabu search based approach to (N-k) static contingency selection in power systems}, 
year={2001}, 
volume={3}, 
pages={1954-1959 vol.3}, 
keywords={combinatorial mathematics;control system analysis computing;optimisation;power system analysis computing;power system control;power system dynamic stability;search problems;(N-k) static contingency selection;combinatorial optimization;competitive power markets;computer simulation;control simulation;deregulated power markets;meta-heuristics;power system voltage instability;system uncertainty;tabu search approach;Control systems;Power markets;Power system analysis computing;Power system control;Power system dynamics;Power system security;Power system stability;Power system transients;Power systems;Voltage}, 
doi={10.1109/ICSMC.2001.973660}, 
ISSN={1062-922X},}
@article{Eppstein2011,
author = {Eppstein, Margaret J. MJ and Hines, Paul D. H.},
doi = {10.1109/TPWRS.2012.2183624},
issn = {0885-8950},
journal = {IEEE Transactions on Power Systems},
number = {99},
title = {{A “ Random Chemistry ” Algorithm for Identifying Multiple Contingencies that Initiate Cascading Failure}},
year = {2011}
}
@INPROCEEDINGS{HinesDual, 
author={Hines, Paul D.H. and Dobson, Ian and Cotilla-Sanchez, Eduardo and Eppstein, Margaret}, 
booktitle={System Sciences (HICSS), 2013 46th Hawaii International Conference on}, 
title={ Dual Graph and Random Chemistry Methods for Cascading Failure Analysis}, 
year={2013}, 
pages={2141-2150}, 
keywords={Failure analysis;Load modeling;Power grids;Power system faults;Power system protection;Power transmission lines;Power systems;cascading failure;complex networks}, 
doi={10.1109/HICSS.2013.1}, 
ISSN={1530-1605},}

@INPROCEEDINGS{impSampling, 
author={Fonteneau-Belmudes, F. and Ernst, D. and Wehenkel, L.}, 
booktitle={PowerTech, 2009 IEEE Bucharest}, 
title={A rare event approach to build security analysis tools when N-k (k>1) analyses are needed (as they are in large scale power systems)}, 
year={2009}, 
pages={1-8}, 
keywords={electric power generation;power system security;power transmission lines;large scale power systems;security analysis tools;steady-state security analyses;Large-scale systems;Monte Carlo methods;Performance analysis;Power system analysis computing;Power system interconnection;Power system planning;Power system reliability;Power system security;Power transmission lines;System testing}, 
doi={10.1109/PTC.2009.5282223},}

@article{Thorp1998,
author = {Thorp, J.S.},
doi = {10.1109/HICSS.1998.656010},
file = {:Users/pekap/Downloads/HICSS98\_Bae.pdf:pdf},
isbn = {0-8186-8255-8},
journal = {Proceedings of the Thirty-First Hawaii International Conference on System Sciences},
pages = {39--46},
publisher = {IEEE Comput. Soc},
title = {{An importance sampling application: 179 bus WSCC system under voltage based hidden failures and relay misoperations}},
volume = {3},
year = {1998}
}
@INPROCEEDINGS{impChen, 
author={Quan Chen and Mili, L.}, 
booktitle={Power and Energy Society General Meeting, 2011 IEEE}, 
title={Risk-based composite power system vulnerability evaluation to cascading failures using importance sampling}, 
year={2011}, 
pages={1-6}, 
doi={10.1109/PES.2011.6039616}, 
ISSN={1944-9925},}

@ARTICLE{Galiana1984, 
author={Galiana, F.D.}, 
journal={Power Apparatus and Systems, IEEE Transactions on}, 
title={Bound Estimates of the Severity of Line Outages in Power System Contingency Analysis and Ranking}, 
year={1984}, 
volume={PAS-103}, 
number={9}, 
pages={2612-2624}, 
keywords={Computational modeling;Failure analysis;Filtering;Filters;Jacobian matrices;Load flow;Load flow analysis;Load modeling;Power system analysis computing;Power system modeling}, 
doi={10.1109/TPAS.1984.318430}, 
ISSN={0018-9510},}


@article{Balu1992,
author = {Balu, Neal and Member, Senior and Bertram, Timothy and Member, Associate and Brandwajn, Vladimir and Member, Senior and Cauley, Gerry and Curtice, David and Member, Senior and Fouad, Aziz and Fink, Lester and Fellow, Life and Lauby, Mark G and Member, Senior and Bruce, I and Wrubel, Joseph N and Member, Senior},
file = {:Users/pekap/Desktop/ms-thesis/overbye.references/00123296.pdf:pdf},
mendeley-groups = {future research},
number = {2},
title = {{On-Line Power System Security Analysis}},
volume = {80},
year = {1992}
}

@article{Stott2009,
author = {Stott, B. and Jardim, J. and Alsac, O.},
doi = {10.1109/TPWRS.2009.2021235},
issn = {0885-8950},
journal = {IEEE Transactions on Power Systems},
month = aug,
number = {3},
pages = {1290--1300},
title = {{DC Power Flow Revisited}},
volume = {24},
year = {2009}
}

@ARTICLE{Brand1988, 
author={Brandwajn, V.}, 
journal={Power Systems, IEEE Transactions on}, 
title={Efficient bounding method for linear contingency analysis}, 
year={1988}, 
volume={3}, 
number={1}, 
pages={38-43}, 
doi={10.1109/59.43179}, 
ISSN={0885-8950},}

@book{Wood1996,
  author        = "A.J. Wood and B.F. Wollenberg",
  title         = "Power Generation Operation and Control",
  publisher     = "Wiley",
  address       = "New York",
  year          = "1996"
}

@misc{Zimmerman2011,
author = {Zimmerman, Ray Daniel and Murillo-Sanchez, Carlos Edmundo and Thomas, Robert John},
booktitle = {IEEE Transactions on Power Systems},
institution = {Department of Applied Economics and Management and the School of Electrical and Computer Engineering, Cornell University, Ithaca, NY, USA},
issn = {08858950},
number = {1},
pages = {12--19},
publisher = {IEEE},
title = {{MATPOWER: Steady-State Operations, Planning, and Analysis Tools for Power Systems Research and Education}},
volume = {26},
year = {2011}
}

@ARTICLE{HinesD, 
author={Hines, P. and Balasubramaniam, K. and Sanchez, E.C.}, 
journal={Potentials, IEEE}, 
title={Cascading failures in power grids}, 
year={2009}, 
volume={28}, 
number={5}, 
pages={24-30}, 
keywords={power grids;power system reliability;blackouts;cascading failures;complex dynamical systems;physical infrastructure;power grids;reciprocal altruism}, 
doi={10.1109/MPOT.2009.933498}, 
ISSN={0278-6648},}

@INPROCEEDINGS{HinesD2, 
author={Hines, P. and Apt, J. and Talukdar, S.}, 
booktitle={Power and Energy Society General Meeting - Conversion and Delivery of Electrical Energy in the 21st Century, 2008 IEEE}, 
title={Trends in the history of large blackouts in the United States}, 
year={2008}, 
pages={1-8}, 
keywords={decision making;investment;power markets;power system faults;power system management;United States;blackout risk;decision-making process;electricity industry;investment;policy decisions;Costs;Decision making;Frequency measurement;History;Investments;Loss measurement;Power generation economics;Power system reliability;Robustness;Size measurement;Power system blackouts;cascading failures}, 
doi={10.1109/PES.2008.4596715}, 
ISSN={1932-5517},}

@techreport{eaton2012,
author = {EATON},
title = {{Power Outage Annual Report}},
number = {Blackout Tracker},
year = {2012}
}


@techreport{FinalReport2004:Online,
author = {{U.S.-Canada Power System Outage Task Force}},
institution = {North American Electric Reliability Corporation},
title = {{Final Report on the August 14, 2003 Blackout in the United States and Canada: Causes and Recommendations}},
month = Apr,
year = {2004},
}

@article{Johnson2007,
    author  = {Johnson, Chris W.},
    title   = {Analysing the causes of the Italian and Swiss Blackout, 28 th September 2003},
    year    = {2007},
    journal = {Proceedings of the twelfth Australian workshop on Safety critical systems and software and safety-related programmable systems},
    publisher = {Australian Computer Society, Inc.},
    volume  = {86},    
    pages   = {21-30}
}

@article{Beck2005,
    author  = {Beck, Günther, Dusan Povh, Dietmar Retzmann, Erwin Teltsch, A. G. Siemens, and Energy Sector},
    title   = {Global Blackouts–Lessons Learned},
    year    = {2005},
    journal = {In Power-Gen Europe},    
    volume  = {28},    
    pages   = {30}
}

@article{Hines2009,
    author  = {Hines, Paul, Jay Apt, and Sarosh Talukdar},
    title   = {Large blackouts in North America: Historical trends and policy implications},
    year    = {2009},
    journal = {Energy Policy},    
    volume  = {37},
    number = {12},    
    pages   = {5249-5259}
}

@article{Amin2001,
    author  = {Amin, Massoud},
    title   = {Toward self-healing energy infrastructure systems},
    year    = {2001},
    journal = {Computer Applications in Power},    
    publisher = {IEEE},
    volume  = {14},
    number = {1},    
    pages   = {20-28}
}


@ONLINE{IEC2012:Online,
author = {IEC MSB (Market Strategy Board)},
title = {Grid Integration of Large Capacity Renewable Energy Sources and use of large-capacity Electrical Energy Storage {@ONLINE}},
month = Oct,
year = {2012},
url = {http://www.iec.ch/whitepaper/pdf/iecWP-gridintegrationlargecapacity-LR-en.pdf}
}

@article{Hauser2005,
    author  = {Hauser, Carl H., David E. Bakken, and  Anjan Bose},
    title   = {A failure to communicate: next generation communication requirements, technologies, and architecture for the electric power grid},
    year    = {2005},
    journal = {IEEE Power and Energy Magazine},        
    volume  = {3},
    number = {2},    
    pages   = {47-55}
}

@book{Hossain2012,
    author    = {Hossain, Ekram, Zhu Han, and H. Vincent Poor, eds.},
    title     = {Smart grid communications and networking},
    year      = {2012},
    publisher = {Cambridge University Press}
}

@book{Bergen1999,
    author    = {Bergen, Arthur R., and Vijay Vittal},
    title     = {Power system analysis},
    year      = {1999},
    publisher = {Prentice-Hall }
}

@article{Bernstein2012,
    author  = {Bernstein, Andrey, and Daniel Bienstock, and David Hay, and Meric Uzunoglu, and Gil Zussman},
    title   = {Power grid vulnerability to geographically correlated failures-analysis and control implications},
    year    = {2012},
    journal = {arXiv preprint arXiv:1206.1099},        
}

@article{Qi2013,
    author  = {Qi, Junjian, and Shengwei Mei, and Feng Liu},
    title   = {Blackout Model Considering Slow Process},
    year    = {2013},
    journal = {Power Systems, IEEE Transactions on},        
    volume  = {28},
    number = {3},    
    pages   = {3274 - 3282}
}

@article{Chen2005,
    author  = {Chen, Jie, and James S. Thorp, and Ian Dobson},
    title   = {Cascading dynamics and mitigation assessment in power system disturbances via a hidden failure model},
    year    = {2005},
    journal = {International Journal of Electrical Power and Energy Systems},        
    volume  = {27},
    number = {4},    
    pages   = {318-326}
}

@article{Dobson2003,
    author  = {Dobson, Ian, and Benjamin A. Carreras, and David E. Newman},
    title   = {A probabilistic loading-dependent model of cascading failure and possible implications for blackouts},
    year    = {2003},
    journal = {System Sciences, Proceedings of the 36th Annual Hawaii International Conference on},        
    publisher = {IEEE}
}

@article{Nerdic2006,
    author  = {Nedic, Dusko P., and Ian Dobson, and Daniel S. Kirschen, and Benjamin A. Carreras, and Vickie E. Lynch},
    title   = {Criticality in a cascading failure blackout model},
    year    = {2006},
    journal = {International Journal of Electrical Power and Energy Systems},        
    volume  = {28},
    number = {9},    
    pages   = {627-633}
}

@article{Carreras2002,
    author  = {Carreras, Benjamin A., and Vickie E. Lynch, and Ian Dobson, and David E. Newman},
    title   = {Critical points and transitions in an electric power transmission model for cascading failure blackouts},
    year    = {2002},
    journal = {Chaos: An interdisciplinary journal of nonlinear science},        
    volume  = {12},
    number = {4},    
    pages   = {985-994}
}

@article{Anghel2007,
    author  = {Anghel, Marian, and Kenneth A. Werley, and Adilson E. Motter},
    title   = {Stochastic model for power grid dynamics},
    year    = {2007},
    journal = {System Sciences, Proceedings of the 40th Annual Hawaii International Conference on},        
    publisher = {IEEE}  
}

@article{Dobson2004,
    author  = {Dobson, Ian, and Benjamin A. Carreras, and David E. Newman},
    title   = {A branching process approximation to cascading load-dependent system failure},
    year    = {2004},
    journal = {System Sciences, Proceedings of the 37th Annual Hawaii International Conference on},        
    publisher = {IEEE}     
}

@ONLINE{Dominik2012:Online,
author = {Dominik Pieniazek, P.E.},
title = {Substation Battery Charger {@ONLINE}},
month = Feb,
year = {2012},
url = {http://www.hv-eng.com/TB002 - Substation Battery Charger.pdf}
}

@article{Thompson2007,
    author  = {Thompson, Michael J., and David Wilson},
    title   = {Auxiliary DC Control Power System Design for Substations},
    year    = {2007},
    journal = {Protective Relay Engineers, 60th Annual Conference for},        
    publisher = {IEEE}  
    pages = {522-533}   
}

@ONLINE{FuelCells2013:Online,
title = {When the Grid Fails: Fuel cells power critical infrastructure in disasters {@ONLINE}},
month = Apr,
year = {2013},
url = {http://www.fuelcells.org/uploads/Fuel-Cells-in-Storms.pdf}
}

@ONLINE{Hospital2012:Online,
title = {Hospital Evacuation in N.Y. Exposes Outdated Power Backup {@ONLINE}},
month = Oct,
year = {2012},
url = {http://www.bloomberg.com/news/2012-10-30/new-york-hospital-evacuates-patients-as-sandy-hits-power.html}
}

@article{Liu2009,
    author  = {Liu, Junqi, Azwirman Gusrialdi, Dragan Obradovic, and Sandra Hirche},
    title   = {Study on the effect of time delay on the performance of distributed power grids with networked cooperative control},
    year    = {2009},
    journal = {1st IFAC Workshop on Estimation and Control of Networked Systems},        
    pages = {168-173}   
}

@article{Ali2012,
    author  = {Ali, Hasan, and Dipankar Dasgupta},
    title   = {Effects of Time Delays in the Electric Power Grid},
    year    = {2012},
    journal = {Critical Infrastructure Protection},  
    volume = {6}      
    publisher = {Springer Berlin Heidelberg}
    pages = {139-154}   
}

@article{Bienstock2011,
    author  = {Bienstock, Daniel},
    title   = {Optimal control of cascading power grid failures},
    year    = {2011},
    journal = {Decision and Control and European Control Conference (CDC-ECC), 50th IEEE Conference on},  
    publisher = {IEEE},  
    pages = {2166-2173}   
}

@article{Koch2010,
    author  = {Koch, Stephan, and Spyros Chatzivasileiadis, and Maria Vrakopoulou, and Göran Andersson},
    title   = {Mitigation of cascading failures by real-time controlled islanding and graceful load shedding},
    year    = {2010},
    journal = {Bulk Power System Dynamics and Control (iREP)-VIII, iREP Symposium},  
    publisher = {IEEE},  
    pages = {1-19}   
}

@article{Glanzmann2005,
    author  = {Glanzmann, Gabriela, and Göran Andersson},
    title   = {Coordinated control of FACTS devices based on optimal power flow},
    year    = {2005},
    journal = {Power Symposium, Proceedings of the 37th Annual North America},  
    publisher = {IEEE},  
    pages = {141-148}   
}

@article{Glanzmann22005,
    author  = {Glanzmann, Gabriela, and Göran Andersson},
    title   = {Using FACTS devices to resolve congestions in transmission grids},
    year    = {2005},
    journal = {CIGRE/IEEE PES, International Symposium},  
    publisher = {IEEE},  
    pages = {347-354}   
}

@ONLINE{PolicyCenter2013:Online,
author = {Energy and Infrastructure Program, Bipartisan Policy Center},
title = {Policies for a Modern and Reliable U.S. Electric Grid {@ONLINE}},
month = Feb,
year = {2013},
url = {http://bipartisanpolicy.org/sites/default/files/Energy\_Grid\_Report\%5B1\%5D.pdf}
}

@article{Monticelli2000,
    author  = {Monticelli, A.},
    title   = {Electric power system state estimation},
    year    = {2000},
    journal = {Proceedings of the IEEE},  
    volume = {88},
    number = {2},
    pages = {262-282}   
}

@article{Zhao2005,
    author  = {Zhao, Miang, and Ali Abur},
    title   = {Multi area state estimation using synchronized phasor measurements},
    year    = {2005},
    journal = {Power Systems, IEEE Transactions on},  
    volume = {20},
    number = {2},
    pages = {611-617}   
}

@article{Wu2006,
    author  = {Wu, Hongxian, and Jay Giri},
    title   = {PMU impact on state estimation reliability for improved grid security},
    year    = {2006},
    journal = {Transmission and Distribution Conference and Exhibition, IEEE PES},  
    pages = {1349-1351}   
}

@article{Gardner2007,
    author  = {Gardner, R. Matthew, and G. Consortium},
    title   = {A survey of ICT vulnerabilities of power systems and relevant defense methodologies},
    year    = {2007},
    journal = {Power Engineering Society General Meeting},  
    publisher = {IEEE},
    pages = {1-8}   
}

@article{Parandehgheibi2013,
    author  = {Parandehgheibi, Marzieh, and Eytan Modiano},
    title   = {Robustness of Interdependent Networks: The case of communication networks and the power grid},
    year    = {2013},
    journal = {IEEE Globecom}
}

@ONLINE{MITreport2011:Online,
author = {AN INTERDISCIPLINARY MIT STUDY},
title = {The Future of the Electric Grid {@ONLINE}},
month = Dec,
year = {2011},
url = {http://mitei.mit.edu/system/files/Electric\_Grid\_Full\_Report.pdf}
}

@ONLINE{Murty:Online,
author = {Murty, M.S.R.},
title = {Automatic Generation Control {@ONLINE}},
url = {http://www.sari-energy.org/PageFiles/What\_We\_Do/activities/CEB\_Power\_Systems\_ Simulation\_Training,\_Colombo,\_Sri\_Lanka/Course\_ppts/Lecture\_44\_AGC\_1.pdf }
}

@techreport{Green2014:Online,
author = {Green, Bob},
institution={Garland Power and Light},
title = {Governor Response Sequence},
publisher={ERCOT Future AS Workshop},
month = {Jan},
year = {2014},
}

@techreport{NERC2011:Online,
author = {{NERC Resources Subcommittee}},
institution = {North American Electric Reliability Corporation},
number = {Jan},
title = {Balancing and Frequency Control},
year = {2011}
}

@ONLINE{GeneratorProtection:Online,
title = {Generator Protection {@ONLINE}},
url = {http://www.ee.siue.edu/~smuren/ ECE 545 Notes/Ch 11 - Generator Protection.pdf}
}

@article{Tomsovic2005,
    author  = {Tomsovic, Kevin, David E. Bakken, Vaithianathan Venkatasubramanian, and Anjan Bose},
    title   = {Designing the next generation of real-time control, communication, and computations for large power systems},
    year    = {2005},
    journal = {Proceedings of the IEEE},
    volume = {93},
    number = {5},
    pages = {965-979}
}

@techreport{NERC2003:Online,
author = {{U.S./Canada Power Outage Task Force}},
institution={North American Electric Reliability Corporation},
title = {{August 14, 2003 Outage, Sequence of Events}},
month = Sep,
year = {2003},
}

@techreport{NY-ISO2004:Online,
author = {{New York Independent System Operator}},
title = {NY-ISO Interim Report on the August 14, 2003 Blackout},
month = Jan,
year = {2004},
}

@article{Neumayer2013,
    author  = {Neumayer, Sebastian, and Eytan Modiano},
    title   = {Assessing the effect of geographically correlated failures on interconnected power-communication networks},
    year    = {2013},
    journal = {Smart Grid Communications (SmartGridComm), 2013 IEEE International Conference on},  
    pages = {366-371}   
}

@article{Motter2004,
    author  = {Motter, Adilson E.},
    title   = {Cascade control and defense in complex networks},
     year    = {2004},
    journal = {Physical Review Letters},
    volume = {93},
    number = {9},
    pages = {098701}
}


@article{Li2013,
    author  = {Li, Chih-ping, and Eytan Modiano},
    title   = {Receiver-based flow control for networks in overload},
     year    = {2013},
    journal = {INFOCOM, 2013 Proceedings IEEE},
    pages = {2949-2957}
}

@article{Buldyrev2010,
  author={Buldyrev, Sergey V., and Roni Parshani, and Gerald Paul, and H. Eugene Stanley, and Shlomo Havlin},
  title={Catastrophic cascade of failures in interdependent networks},
  year={2010},
  journal={Nature},
  volume={464},
  number={7291},
  pages={1025-1028}
}

@article{Rosato2008,
  author={Rosato, Vittorio, and L. Issacharoff, and F. Tiriticco, and Sandro Meloni, and S. Porcellinis, and Roberto Setola},
  title={Modelling interdependent infrastructures using interacting dynamical models},
  year={2008},
  journal={International Journal of Critical Infrastructures},
  volume={4},
  number={1},
  pages={63-79}
}  

@article{Rinaldi2001,
  author={Rinaldi, Steven M., and James P. Peerenboom, and Terrence K. Kelly},
  title={Identifying, understanding, and analyzing critical infrastructure interdependencies},
  year={2001},
  journal={Control Systems},
  publisher = {IEEE},
  volume={21},
  number={6},
  pages={11-25}
}

@article{Neumayer2011,
  author={Neumayer, Sebastian, and Eytan Modiano},
  title={Network Reliability Under Random Circular Cuts},
  year={2011},
  journal={Global Telecommunications Conference (GLOBECOM 2011)},
  publisher = {IEEE},
  pages={1-6}
}


@article{Bienstock2010,
  author={Bienstock, Daniel, and Abhinav Verma},
  title={The n-k problem in power grids: New models, formulations, and numerical experiments},
  year={2010},
  journal={SIAM Journal on Optimization},
  volume={20},
  number={5},
  pages={2352-2380}
}

@article{Neumayer2011,
  author={Neumayer, Sebastian, Gil Zussman, Reuven Cohen, and Eytan Modiano},
  title={Assessing the vulnerability of the fiber infrastructure to disasters},
  year={2011},
  journal={Networking, IEEE/ACM Transactions on},
  volume={19},
  number={6},
  pages={1610-1623}
}

@article{Neumayer2010,
  author={Neumayer, Sebastian, and Eytan Modiano},
  title={Network reliability with geographically correlated failures},
  year={2010},
  journal={INFOCOM},
  publisher = {IEEE},
  pages={1-9}
}

@article{Neumayer2008,
  author={Neumayer, Sebastian, and Gil Zussman, and Reuven Cohen, and Eytan Modiano},
  title={Assessing the impact of geographically correlated network failures},
  year={2008},
  journal={Military Communications Conference (MILCOM)},
  publisher = {IEEE},
  pages={1-6}
}

@article{Kaplunovich2013,
  author={Kaplunovich, P. A., and K. S. Turitsyn},
  title={Fast selection of N-2 contingencies for online security assessment},
  year={2013},
  journal={Power and Energy Society General Meeting (PES)},
  publisher = {IEEE},
  pages={1-5}
}

@article{Turitsyn2013,
  author={Turitsyn, K. S., and P. A. Kaplunovich},
  title={Fast Algorithm for N-2 Contingency Problem},
  year={2013},
  journal={System Sciences (HICSS), 46th Hawaii International Conference on},
  publisher = {IEEE},
  pages={2161-2166}
}

@article{Kaplunovich2014,
  author={Kaplunovich, P. A., and K. S. Turitsyn},
  title={Statistical properties and classification of N-2 contingencies in large scale power grids},
  year={2014},
  journal={System Sciences (HICSS), 47th Hawaii International Conference on},
  publisher = {IEEE},
  pages={2517-2526}
}

@article{Fisher2008,
  author={Fisher, E. Bartholomew, and Richard P. O'Neill, and Michael C. Ferris},
  title={Optimal transmission switching},
  year={2008},
  journal={Power Systems, IEEE Transactions on},
  volume={23},
  number={3},
  pages={1346-1355}
}

@article{Hedman2009,
  author={Hedman, Kory W., and Richard P. O'Neill, and E. Bartholomew Fisher, and Shmuel S. Oren},
  title={Optimal transmission switching with contingency analysis},
  year={2009},
  journal={Power Systems, IEEE Transactions on},
  volume={24},
  number={3},
  pages={1577-1586}
}

@article{Hedman2008,
  author={Hedman, Kory W., and Richard P. O'Neill, and Emily Bartholomew Fisher, and Shmuel S. Oren},
  title={Optimal transmission switching—sensitivity analysis and extensions},
  year={2008},
  journal={Power Systems, IEEE Transactions on},
  volume={23},
  number={3},
  pages={1469-1479}
}

@article{Barrows2014,
  author={Barrows, Clayton, and Seth Blumsack, and Paul Hines},
  title={Correcting Optimal Transmission Switching for AC Power Flows},
  year={2014},
  journal={In System Sciences (HICSS), 47th Hawaii International Conference on},
  publisher={IEEE},
  pages={2374-2379}
}

@article{Villumsen2013,
  author={Villumsen, Jonas Christoffer, and Geir Bronmo, and Andy B. Philpott},
  title={Line capacity expansion and transmission switching in power systems with large-scale wind power},
  year={2013},
  journal={Power Systems, IEEE Transactions on},
  volume={28},
  number={2},
  pages={731-739}
}

@article{Hines2008,
  author={Hines, Paul, and Seth Blumsack},
  title={A centrality measure for electrical networks},
  year={2008},
  journal={Hawaii International Conference on System Sciences, Proceedings of the 41st Annual},
  publisher={IEEE}
}

@article{Wang2010,
  author={Wang, Zhifang, Anna Scaglione, and Robert J. Thomas},
  title={Electrical centrality measures for electric power grid vulnerability analysis},
  year={2010},
  journal={Decision and Control (CDC), 49th IEEE Conference on},
  publisher={IEEE},
  pages={5792-5797}
}


@article{Brandes2005,
  author={Brandes, Ulrik, and Daniel Fleischer},
  title={Centrality measures based on current flow},
  year={2005},
  journal={Springer Berlin Heidelberg}
}

@book{Newman2010,
    author    = {Newman, Mark},
    title     = {Networks: an introduction},
    year      = {2010},
    publisher = {Oxford University Press}
}

@article{Costa2007,
  author={Costa, L. da F., and Francisco A. Rodrigues, and Gonzalo Travieso, and P. R. Villas Boas},
  title={Characterization of complex networks: A survey of measurements},
  year={2007},
  journal={Advances in Physics},
  volume={56},
  number={1},
  pages={167-242}
}

@article{Chen2012,
  author={Chen, R. L., and Amy Cohn, and Neng Fan, and Ali Pinar},
  title={Nk-e Survivable Power System Design},
  year={2012},
  journal={Proceedings of Probabilistic Methods Applied to Power Systems},
}

@article{Lee2010,
  author={Lee, Hyang-Won, and Eytan Modiano, and Kayi Lee},
  title={Diverse routing in networks with probabilistic failures},
  year={2010},
  journal={IEEE/ACM Transactions on Networking},
  volume={18},
  number={6},
  pages={1895-1907}
}


@article{Johnston2011,
  author={Johnston, Matthew, and Hyang-Won Lee, and Eytan Modiano},
  title={A robust optimization approach to backup network design with random failures},
  year={2011},
  journal={INFOCOM},
  publisher={IEEE},
  pages={1512-1520}
}


@article{Johnston2011TON,
  author={Johnston, Matthew, and Hyang-Won Lee, and Eytan Modiano},
  title={A robust optimization approach to backup network design with random failures},
  journal={IEEE/ACM Transactions on Networking, \textit{To Appear}}
}

@article{Bertsimas2004,
  author={Bertsimas, Dimitris, and Melvyn Sim},
  title={The price of robustness},
  year={2004},
  journal={Operations research},
  volume={52},
  number={1},
  pages={35-53}
}

@article{Pahwa2010,
  author={Pahwa, Sakshi, and Amelia Hodges, and Caterina Scoglio, and Sean Wood},
  title={Topological analysis of the power grid and mitigation strategies against cascading failures},
  year={2010},
  journal={4th Annual Systems Conference},
  publisher={IEEE},
  pages={272-276}
}

@article{Brummitt2012,
  author={Brummitt, Charles D., and Raissa M. D’Souza, and E. A. Leicht},
  title={Suppressing cascades of load in interdependent networks},
  year={2012},
  journal={Proceedings of the National Academy of Sciences},
  volume={109},
  number={12},
  pages={E680-E689}
}


@article{Ramamurthy2003,
  author={Ramamurthy, S., and Laxman Sahasrabuddhe, and Biswanath Mukherjee},
  title={Survivable WDM mesh networks},
  year={2003},
  journal={Journal of Lightwave Technology},
  volume={21},
  number={4},
  pages={870}
}

@article{Ramamurthy1999INFOCOM,
  author={Ramamurthy, S., and Biswanath Mukherjee},
  title={Survivable WDM mesh networks. Part I-protection},
  year={1999},
  journal={INFOCOM, Eighteenth Annual Joint Conference of the IEEE Computer and Communications Societies},
  publisher={IEEE},
  volume={2},
  pages={744-751}
}

@article{Ramamurthy1999ICC,
  author={Ramamurthy, S., and Biswanath Mukherjee},
  title={Survivable WDM mesh networks. Part I-protection},
  year={1999},
  journal={IEEE International Conference on Communications (ICC'99)},
  volume={3},
  pages={2023-2030}
}


@article{Vasseur2004,
  author={Vasseur, Jean-Philippe, and Mario Pickavet, and Piet Demeester},
  title={Network recovery: Protection and Restoration of Optical, SONET-SDH, IP, and MPLS},
  year={2004},
  publisher={Elsevier}
}

@article{Ou2004,
  author={Ou, Canhui Sam, and Jing Zhang, and Hui Zang, and Laxman H. Sahasrabuddhe, and Biswanath Mukherjee},
  title={New and improved approaches for shared-path protection in WDM mesh networks},
  year={2004},
  journal={Journal of Lightwave Technology},
  volume={22},
  number={5},
  pages={1223}
}


@article{Mukherjee1996,
  author={Mukherjee, Biswanath, Dhritiman Banerjee, and Sav Ramamurthy},
  title={Some principles for designing a wide-area WDM optical network},
  year={1996},
  journal={IEEE/ACM Transactions on Networking},
  volume={4},
  number={5},
  pages={684-696}
}

@article{Grosso2001,
  author={Grosso, A., and Emilio Leonardi, and Marco Mellia, and Antonio Nucci},
  title={Logical topologies design over WDM wavelength routed networks robust to traffic uncertainties},
  year={2001},
  journal={IEEE Communications Letters},
  volume={5},
  number={4},
  pages={172-174}
}

@article{Xin2003,
  author={Xin, Yufeng, and George N. Rouskas, and Harry G. Perros},
  title={On the physical and logical topology design of large-scale optical networks},
  year={2003},
  journal={Journal of lightwave technology},
  volume={21},
  number={4},
  pages={904}
}

@article{Leonardi2003,
  author={Leonardi, E., and M. Mellia, and M. Ajmone Marsan},
  title={Algorithms for the logical topology design in WDM all-optical networks},
  year={2000},
  journal={Optical Networks Magazine},
  volume={1},
  number={1},
  pages={35-46}
}


@article{Parshani2010,
  author={Parshani, Roni, and Sergey V. Buldyrev, and Shlomo Havlin},
  title={Interdependent networks: Reducing the coupling strength leads to a change from a first to second order percolation transition},
  year={2010},
  journal={Physical review letters},
  volume={105},
  number={4},
  pages={048701}
}

@article{Gao2012,
  author={Gao, Jianxi, and Sergey V. Buldyrev, and H. Eugene Stanley, and Shlomo Havlin},
  title={Networks formed from interdependent networks},
  year={2012},
  journal={Nature physics},
  volume={8},
  number={1},
  pages={40-48}
}

@article{Vespignani2010,
  author={Vespignani, Alessandro},
  title={Complex networks: The fragility of interdependency},
  year={2010},
  journal={Nature},
  volume={464},
  number={7291},
  pages={984-985}
}

@article{Gao2011,
  author={Gao, Jianxi, and Sergey V. Buldyrev, and Shlomo Havlin, and H. Eugene Stanley},
  title={Robustness of a network of networks},
  year={2011},
  journal={Physical Review Letters},
  volume={107},
  number={19},
  pages={195701}
}

@article{Parshani2011,
  author={Parshani, Roni, and Sergey V. Buldyrev, and Shlomo Havlin},
  title={Critical effect of dependency groups on the function of networks},
  year={2011},
  journal={Proceedings of the National Academy of Sciences},
  volume={108},
  number={3},
  pages={1007-1010}
}

@article{Shao2011,
  author={Shao, Jia, and Sergey V. Buldyrev, and Shlomo Havlin, and H. Eugene Stanley},
  title={Cascade of failures in coupled network systems with multiple support-dependence relations},
  year={2011},
  journal={Physical Review E},
  volume={83},
  number={3},
  pages={036116}
}

@article{ParshaniRozenblat2010,
  author={Parshani, Roni, and Celine Rozenblat, and Daniele Ietri, and Cesar Ducruet, and Shlomo Havlin},
  title={Inter-similarity between coupled networks},
  year={2010},
  journal={EPL (Europhysics Letters)},
  volume={92},
  number={6},
  pages={68002}
}

@article{Buldyrev2011,
  author={Buldyrev, Sergey V., and Nathaniel W. Shere, and Gabriel A. Cwilich},
  title={Interdependent networks with identical degrees of mutually dependent nodes},
  year={2011},
  journal={Physical Review E},
  volume={83},
  number={1},
  pages={016112}
}

@article{Huang2011,
  author={Huang, Xuqing, and Jianxi Gao, and Sergey V. Buldyrev, and Shlomo Havlin, and H. Eugene Stanley},
  title={Robustness of interdependent networks under targeted attack},
  year={2011},
  journal={Physical Review E},
  volume={83},
  number={6},
  pages={065101}
}


@article{Son2012,
  author={Son, Seung-Woo, and Golnoosh Bizhani, and Claire Christensen, and Peter Grassberger, and Maya Paczuski},
  title={Percolation theory on interdependent networks based on epidemic spreading},
  year={2012},
  journal={EPL (Europhysics Letters)},
  volume={97},
  number={1},
  pages={16006}
}

@article{Li2012,
  author={Li, Wei, and Amir Bashan, and Sergey V. Buldyrev, and H. Eugene Stanley, and Shlomo Havlin},
  title={Cascading failures in interdependent lattice networks: The critical role of the length of dependency links},
  year={2012},
  journal={Physical review letters},
  volume={108},
  number={22},
  pages={228702}
}

@article{Yagan2012,
  author={Yagan, Osman, and Dajun Qian, and Junshan Zhang, and Douglas Cochran},
  title={Optimal allocation of interconnecting links in cyber-physical systems: Interdependence, cascading failures, and robustness},
  year={2012},
  journal={IEEE Transactions on Parallel and Distributed Systems},
  volume={23},
  number={9},
  pages={1708-1720}
}

@article{Zio2011,
  author={Zio, Enrico, and Giovanni Sansavini},
  title={Modeling interdependent network systems for identifying cascade-safe operating margins},
  year={2011},
  journal={IEEE Transactions on Reliability},
  volume={60},
  number={1},
  pages={94-101}
}

@article{Lee2007,
  author={Lee, Earl E., and John E. Mitchell, and William A. Wallace},
  title={Restoration of services in interdependent infrastructure systems: A network flows approach},
  year={2007},
  journal={IEEE Transactions on Systems, Man, and Cybernetics, Part C: Applications and Reviews},
  volume={37},
  number={6},
  pages={1303-1317}
}

@article{Nguyen2013,
  author={Nguyen, D T and Shen, Y and My T. Thai},
  title={Detecting Critical Nodes in Interdependent Power Networks for Vulnerability Assessment},
  year={2013},
  journal={IEEE Transactions on Smart Grid},
  volume={4},
  number={1},
  pages={151-159}
}

@article{Huang2013,
  author={Huang, Zhen, and Cheng Wang, and Sushmita Ruj, and Milos Stojmenovic, and Amiya Nayak},
  title={Modeling cascading failures in smart power grid using interdependent complex networks and percolation theory},
  year={2013},
  journal={IEEE Conference on Industrial Electronics and Applications (ICIEA)},
  pages={1023-1028}
}


@article{Soudbakhsh2014,
  author={Soudbakhsh, Damoon, Aranya Chakrabortty, and Anuradha M. Annaswamy},
  title={Computational Co-Designs for Wide-Area Control of Power Grids},
  journal={submitted to CDC2014},
}

@article{Parandehgheibi2014,
  author={Parandehgheibi, Marzieh, Eytan Modiano, and David Hay},
  title={Mitigating Cascading Failures in Interdependent Power Grids and Communication Networks},
  journal={submitted to SmartGridComm2014},
}


@article{Amin2013,
  author={Amin, Saurabh, and Galina A. Schwartz, and Alefiya Hussain},
  title={In quest of benchmarking security risks to cyber-physical systems},
  year={2013},
  journal={Network},
  publisher={IEEE},
  volume={27},
  number={1},
  pages={19-24}
}

@article{Barret2010,
  author={Barrett, Chris, and Richard Beckman, and Karthik Channakeshava, and Fei Huang, and VS Anil Kumar, and Achla Marathe, and Madhav V. Marathe, and Guanhong Pei},
  title={Cascading failures in multiple infrastructures: From transportation to communication network},
  year={2010},
  journal={5th International Conference on Critical Infrastructure (CRIS)},
  publisher={IEEE},
  pages={1-8}
}

@book{West2001,
    author    = {West, Douglas Brent},
    title     = {Introduction to graph theory},
    volume = {2},
    year      = {2001},
    publisher = {Upper Saddle River: Prentice hall}
}

@book{Ahuja1993,
    author    = {Ahuja, Ravindra K., and Thomas L. Magnanti, and James B. Orlin},
    title     = {Network flows: theory, algorithms, and applications},
    year      = {1993},
    publisher = {Prentice hall}
}

@article{Newman2004,
  author={Newman, Mark EJ},
  title={Analysis of weighted networks},
  year={2004},
  journal={Physical Review E },
  volume={70},
  number={5},
  pages={056131}
}

@book{Kundur1994,
    author    = {Kundur, Prabha},
    title     = {Power system stability and control},
    volume = {7},
    year      = {1994},
    publisher = {New York: McGraw-hill}
}

@article{Jaleeli1992,
  author={Jaleeli, Nasser, and Louis S. VanSlyck, and Donald N. Ewart, and Lester H. Fink, and Arthur G. Hoffmann},
  title={Understanding automatic generation control},
  year={1992},
  journal={IEEE Transactions on Power Systems},
  volume={7},
  number={3},
  pages={1106-1122}
}

%% Created using Papers on Wed, 16 Jul 2014.
%% http://papersapp.com/papers/

@techreport{NERC2011:Online,
author = {{NERC Resources Subcommittee}},
title = {{Balancing and Frequency Control}},
year = {2011}
}

@article{HinesD,
author = {Hines, P and Balasubramaniam, K and Sanchez, E C},
title = {{Cascading failures in power grids}},
journal = {Potentials, IEEE},
year = {2009},
volume = {28},
number = {5},
pages = {24--30}
}

@article{Parshani2011,
author = {Parshani, Roni and Buldyrev, Sergey V and Havlin, Shlomo},
title = {{Critical effect of dependency groups on the function of networks}},
journal = {Proceedings of the National Academy of Sciences},
year = {2011},
volume = {108},
number = {3},
pages = {1007--1010}
}

@article{Stott1985,
author = {Stott, B and Alsac, O and Alvarado, F L},
title = {{Analytical and computational improvements in performance-index ranking algorithms for networks}},
journal = {International Journal of Electrical Power \{\&} Energy Systems},
year = {1985},
volume = {7},
number = {3},
pages = {154--160},
month = jul
}

@article{Geng:2014ik,
author = {Geng, G and Ajjarapu, V and Jiang, Q},
title = {{A Hybrid Dynamic Optimization Approach for Stability Constrained Optimal Power Flow}},
journal = {Power Systems, IEEE Transactions on},
year = {2014},
number = {99},
pages = {1--12}
}

@article{Beck2005,
journal = {In Power-Gen Europe},
year = {2005},
volume = {28},
pages = {30}
}

@techreport{india2012,
author = {{India Ministry of Power}},
title = {{Report of the Enquiry Committee on Grid Disturbance in Northern Region on 30th July 2012 and in Northern, Eastern \{\&} North-Eastern Region on 31st July 2012}},
year = {2012}
}

@article{Parandehgheibi2013,
author = {Parandehgheibi, Marzieh and Modiano, Eytan},
title = {{Robustness of Interdependent Networks: The case of communication networks and the power grid}},
journal = {IEEE Globecom},
year = {2013}
}

@article{Xin2003,
author = {Xin, Yufeng and Rouskas, George N and Perros, Harry G},
title = {{On the physical and logical topology design of large-scale optical networks}},
journal = {Journal of lightwave technology},
year = {2003},
volume = {21},
number = {4},
pages = {904}
}

@article{Parshani2010,
author = {Parshani, Roni and Buldyrev, Sergey V and Havlin, Shlomo},
title = {{Interdependent networks: Reducing the coupling strength leads to a change from a first to second order percolation transition}},
journal = {Physical review letters},
year = {2010},
volume = {105},
number = {4},
pages = {048701}
}

@article{Hou:2013ka,
author = {Hou, Guanji and Vittal, V},
title = {{Determination of Transient Stability Constrained Interface Real Power Flow Limit Using Trajectory Sensitivity Approach}},
journal = {Power Systems, IEEE Transactions on},
year = {2013},
volume = {28},
number = {3},
pages = {2156--2163}
}

@article{Grosso2001,
author = {Grosso, A and Leonardi, Emilio and Mellia, Marco and Nucci, Antonio},
title = {{Logical topologies design over WDM wavelength routed networks robust to traffic uncertainties}},
journal = {IEEE Communications Letters},
year = {2001},
volume = {5},
number = {4},
pages = {172--174}
}

@book{West2001,
author = {West, Douglas Brent},
title = {{Introduction to graph theory}},
publisher = {Upper Saddle River: Prentice hall},
year = {2001},
volume = {2}
}

@article{Costa2007,
author = {Costa, L da F and Rodrigues, Francisco A and Travieso, Gonzalo and Boas, P R Villas},
title = {{Characterization of complex networks: A survey of measurements}},
journal = {Advances in Physics},
year = {2007},
volume = {56},
number = {1},
pages = {167--242}
}

@article{Vespignani2010,
author = {Vespignani, Alessandro},
title = {{Complex networks: The fragility of interdependency}},
journal = {Nature},
year = {2010},
volume = {464},
number = {7291},
pages = {984--985}
}

@article{Gardner2007,
author = {Gardner, R Matthew and Consortium, G},
title = {{A survey of ICT vulnerabilities of power systems and relevant defense methodologies}},
journal = {Power Engineering Society General Meeting},
year = {2007},
pages = {1--8}
}

@article{Li2012,
author = {Li, Wei and Bashan, Amir and Buldyrev, Sergey V and Stanley, H Eugene and Havlin, Shlomo},
title = {{Cascading failures in interdependent lattice networks: The critical role of the length of dependency links}},
journal = {Physical review letters},
year = {2012},
volume = {108},
number = {22},
pages = {228702}
}

@article{Johnston2011,
author = {Johnston, Matthew and Lee, Hyang-Won and Modiano, Eytan},
title = {{A robust optimization approach to backup network design with random failures}},
journal = {INFOCOM},
year = {2011},
pages = {1512--1520}
}

@book{Bergen1999,
author = {Bergen, Arthur R and Vittal, Vijay},
title = {{Power system analysis}},
publisher = {Prentice-Hall},
year = {1999}
}

@article{Buldyrev2010,
author = {Buldyrev, Sergey V and Parshani, Roni and Paul, Gerald and Stanley, H Eugene and Havlin, Shlomo},
title = {{Catastrophic cascade of failures in interdependent networks}},
journal = {Nature},
year = {2010},
volume = {464},
number = {7291},
pages = {1025--1028}
}

@webpage{MITreport2011:Online,
author = {STUDY, AN INTERDISCIPLINARY MIT},
title = {{The Future of the Electric Grid @ONLINE}},
year = {2011},
month = dec,
url = {http://mitei.mit.edu/system/files/Electric\_Grid\_Full\_Report.pdf}
}

@article{Hauser2005,
author = {Hauser, Carl H David E Bakken and Bose, Anjan},
title = {{A failure to communicate: next generation communication requirements, technologies, and architecture for the electric power grid}},
journal = {IEEE Power and Energy Magazine},
year = {2005},
volume = {3},
number = {2},
pages = {47--55}
}

@article{Kundur:2004ig,
author = {Kundur, P and Paserba, J and Ajjarapu, V and Andersson, G and Bose, A and Canizares, C and Hatziargyriou, N and Hill, D and Stankovic, A and Taylor, C and Van Cutsem, T and Vittal, V},
title = {{Definition and classification of power system stability IEEE/CIGRE joint task force on stability terms and definitions}},
journal = {IEEE Transactions on Power Systems},
year = {2004},
volume = {19},
number = {3},
pages = {1387--1401},
month = aug
}

@article{Parandehgheibi2014,
author = {Parandehgheibi, Marzieh Eytan Modiano and Hay, David},
title = {{Mitigating Cascading Failures in Interdependent Power Grids and Communication Networks}},
journal = {submitted to SmartGridComm2014}
}

@article{Rocco2011,
author = {Rocco, Claudio M and Ramirez-Marquez, Jose Emmanuel and Salazar, Daniel E and Yajure, Cesar},
title = {{Assessing the Vulnerability of a Power System Through a Multiple Objective Contingency Screening Approach}},
journal = {IEEE Transactions on Reliability},
year = {2011},
volume = {60},
number = {2},
pages = {394--403},
month = jun
}

@article{Parshani2011,
author = {Parshani, Roni and Buldyrev, Sergey V and Havlin, Shlomo},
title = {{Critical effect of dependency groups on the function of networks}},
journal = {Proceedings of the National Academy of Sciences},
year = {2011},
volume = {108},
number = {3},
pages = {1007--1010}
}

@article{Barrows2014,
author = {Barrows, Clayton and Blumsack, Seth and Hines, Paul},
title = {{Correcting Optimal Transmission Switching for AC Power Flows}},
journal = {In System Sciences (HICSS), 47th Hawaii International Conference on},
year = {2014},
pages = {2374--2379}
}

@article{Amjady:2007bt,
author = {Amjady, N and Majedi, S F},
title = {{Transient Stability Prediction by a Hybrid Intelligent System}},
journal = {Power Systems, IEEE Transactions on},
year = {2007},
volume = {22},
number = {3},
pages = {1275--1283}
}

@article{Monticelli2000,
author = {Monticelli, A},
title = {{Electric power system state estimation}},
journal = {Proceedings of the IEEE},
year = {2000},
volume = {88},
number = {2},
pages = {262--282}
}

@article{Mariotto:2010ju,
author = {Mariotto, L and Pinheiro, H and Cardoso, G and Morais, A P and Muraro, M R},
title = {{Power systems transient stability indices: an algorithm based on equivalent clusters of coherent generators}},
journal = {Generation, Transmission {\&} Distribution, IET},
year = {2010},
volume = {4},
number = {11},
pages = {1223--1235}
}

@article{Anghel2007,
author = {Anghel, Marian and Werley, Kenneth A and Motter, Adilson E},
title = {{Stochastic model for power grid dynamics}},
journal = {System Sciences, Proceedings of the 40th Annual Hawaii International Conference on},
year = {2007}
}

@techreport{FinalReport2004:Online,
author = {{U.S.-Canada Power System Outage Task Force}},
title = {{Final Report on the August 14, 2003 Blackout in the United States and Canada: Causes and Recommendations}},
year = {2004},
month = apr
}

@article{Fisher2008,
author = {Fisher, E Bartholomew and O'Neill, Richard P and Ferris, Michael C},
title = {{Optimal transmission switching}},
journal = {Power Systems, IEEE Transactions on},
year = {2008},
volume = {23},
number = {3},
pages = {1346--1355}
}

@article{Bienstock2010,
author = {Bienstock, Daniel and Verma, Abhinav},
title = {{The n-k problem in power grids: New models, formulations, and numerical experiments}},
journal = {SIAM Journal on Optimization},
year = {2010},
volume = {20},
number = {5},
pages = {2352--2380}
}

@book{Newman2010,
author = {Newman, Mark},
title = {{Networks: an introduction}},
publisher = {Oxford University Press},
year = {2010}
}

@article{Anghel2007,
author = {Anghel, Marian and Werley, Kenneth A and Motter, Adilson E},
title = {{Stochastic model for power grid dynamics}},
journal = {System Sciences, Proceedings of the 40th Annual Hawaii International Conference on},
year = {2007}
}

@article{Alvarado1976,
author = {Alvarado, F L FL},
title = {{Computational complexity in power systems}},
journal = {Power Apparatus and Systems, IEEE},
year = {1976},
volume = {95},
number = {4},
pages = {1028--1037},
month = jul
}

@article{Glanzmann2005,
title = {{Coordinated control of FACTS devices based on optimal power flow}},
journal = {Power Symposium, Proceedings of the 37th Annual North America},
year = {2005},
pages = {141--148}
}

@article{Guo:2001jo,
author = {Guo, Y and Hill, D J and Wang, Youyi},
title = {{Global transient stability and voltage regulation for power systems}},
journal = {IEEE Transactions on Power Systems},
year = {2001},
volume = {16},
number = {4},
pages = {678--688},
month = nov
}

@article{Ramamurthy1999ICC,
author = {Ramamurthy, S and Mukherjee, Biswanath},
title = {{Survivable WDM mesh networks. Part I-protection}},
journal = {IEEE International Conference on Communications (ICC'99)},
year = {1999},
volume = {3},
pages = {2023--2030}
}

@techreport{FinalReport2004:Online,
author = {{U.S.-Canada Power System Outage Task Force}},
title = {{Final Report on the August 14, 2003 Blackout in the United States and Canada: Causes and Recommendations}},
year = {2004},
month = apr
}

@article{ParshaniRozenblat2010,
author = {Parshani, Roni and Rozenblat, Celine and Ietri, Daniele and Ducruet, Cesar and Havlin, Shlomo},
title = {{Inter-similarity between coupled networks}},
journal = {EPL (Europhysics Letters)},
year = {2010},
volume = {92},
number = {6},
pages = {68002}
}

@article{Buldyrev2011,
author = {Buldyrev, Sergey V and Shere, Nathaniel W and Cwilich, Gabriel A},
title = {{Interdependent networks with identical degrees of mutually dependent nodes}},
journal = {Physical Review E},
year = {2011},
volume = {83},
number = {1},
pages = {016112}
}

@inproceedings{impSampling,
author = {Fonteneau-Belmudes, F and Ernst, D and Wehenkel, L},
title = {{A rare event approach to build security analysis tools when N-k (k>1) analyses are needed (as they are in large scale power systems)}},
booktitle = {PowerTech, 2009 IEEE Bucharest},
year = {2009},
pages = {1--8}
}

@article{Parandehgheibi2013,
author = {Parandehgheibi, Marzieh and Modiano, Eytan},
title = {{Robustness of Interdependent Networks: The case of communication networks and the power grid}},
journal = {IEEE Globecom},
year = {2013}
}

@article{Beck2005,
journal = {In Power-Gen Europe},
year = {2005},
volume = {28},
pages = {30}
}

@webpage{IEC2012:Online,
author = {Market Strategy Board, IEC MSB},
title = {{Grid Integration of Large Capacity Renewable Energy Sources and use of large-capacity Electrical Energy Storage @ONLINE}},
year = {2012},
month = oct,
url = {http://www.iec.ch/whitepaper/pdf/iecWP-gridintegrationlargecapacity-LR-en.pdf}
}

@article{Anonymous:UOm8pxI6,
title = {{A Policy Switching Approach to Consolidating Load Shedding and Islanding Protection Schemes}},
year = {2014},
pages = {1--7},
month = feb
}

@article{Rosato2008,
author = {Rosato, Vittorio and Issacharoff, L and Tiriticco, F and Meloni, Sandro and Porcellinis, S and Setola, Roberto},
title = {{Modelling interdependent infrastructures using interacting dynamical models}},
journal = {International Journal of Critical Infrastructures},
year = {2008},
volume = {4},
number = {1},
pages = {63--79}
}

@article{Thorp1998,
author = {Thorp, J S},
title = {{An importance sampling application: 179 bus WSCC system under voltage based hidden failures and relay misoperations}},
journal = {Proceedings of the Thirty-First Hawaii International Conference on System Sciences},
year = {1998},
volume = {3},
pages = {39--46}
}

@article{Motter2004,
author = {Motter, Adilson E},
title = {{Cascade control and defense in complex networks}},
journal = {Physical review letters},
year = {2004},
volume = {93},
number = {9},
pages = {098701}
}

@article{Johnston2011,
author = {Johnston, Matthew and Lee, Hyang-Won and Modiano, Eytan},
title = {{A robust optimization approach to backup network design with random failures}},
journal = {INFOCOM},
year = {2011},
pages = {1512--1520}
}

@article{Li2013,
author = {Li, Chih-ping and Modiano, Eytan},
title = {{Receiver-based flow control for networks in overload}},
journal = {INFOCOM, 2013 Proceedings IEEE},
year = {2013},
pages = {2949--2957}
}

@article{Yorino:2013do,
author = {Yorino, N and Popov, E and Zoka, Y and Sasaki, Y and Sugihara, H},
title = {{An Application of Critical Trajectory Method to BCU Problem for Transient Stability Studies}},
journal = {Power Systems, IEEE Transactions on},
year = {2013},
volume = {28},
number = {4},
pages = {4237--4244}
}

@webpage{Murty:Online,
author = {Murty, M S R},
url = {http://www.sari-energy.org/PageFiles/What\_We\_Do/activities/CEB\_Power\_Systems\_ Simulation\_Training,\_Colombo,\_Sri\_Lanka/Course\_ppts/Lecture\_44\_AGC\_1.pdf}
}

@article{Ou2004,
author = {Ou, Canhui Sam and Zhang, Jing and Zang, Hui and Sahasrabuddhe, Laxman H and Mukherjee, Biswanath},
title = {{New and improved approaches for shared-path protection in WDM mesh networks}},
journal = {Journal of lightwave technology},
year = {2004},
volume = {22},
number = {5},
pages = {1223}
}

@article{Fisher2008,
author = {Fisher, E Bartholomew and O'Neill, Richard P and Ferris, Michael C},
title = {{Optimal transmission switching}},
journal = {Power Systems, IEEE Transactions on},
year = {2008},
volume = {23},
number = {3},
pages = {1346--1355}
}

@article{Chen2012,
author = {Chen, R L and Cohn, Amy and Fan, Neng and Pinar, Ali},
title = {{Nk-e Survivable Power System Design}},
journal = {Proceedings of Probabilistic Methods Applied to Power Systems},
year = {2012}
}

@article{Galiana1984,
author = {Galiana, F D},
title = {{Bound Estimates of the Severity of Line Outages in Power System Contingency Analysis and Ranking}},
journal = {Power Apparatus and Systems, IEEE},
year = {1984},
volume = {PAS-103},
number = {9},
pages = {2612--2624}
}

@article{Tomsovic2005,
author = {Tomsovic, Kevin David E Bakken Vaithianathan Venkatasubramanian and Bose, Anjan},
title = {{Designing the next generation of real-time control, communication, and computations for large power systems}},
journal = {Proceedings of the IEEE},
year = {2005},
volume = {93},
number = {5},
pages = {965--979}
}

@article{Johnson2007,
author = {Johnson, Chris W},
title = {{Analysing the causes of the Italian and Swiss Blackout, 28 th September 2003}},
journal = {Proceedings of the twelfth Australian workshop on Safety critical systems and software and safety-related programmable systems},
year = {2007},
volume = {86},
pages = {21--30}
}

@article{Costa2007,
author = {Costa, L da F and Rodrigues, Francisco A and Travieso, Gonzalo and Boas, P R Villas},
title = {{Characterization of complex networks: A survey of measurements}},
journal = {Advances in Physics},
year = {2007},
volume = {56},
number = {1},
pages = {167--242}
}

@article{Xin2003,
author = {Xin, Yufeng and Rouskas, George N and Perros, Harry G},
title = {{On the physical and logical topology design of large-scale optical networks}},
journal = {Journal of lightwave technology},
year = {2003},
volume = {21},
number = {4},
pages = {904}
}

@article{Hauser2005,
author = {Hauser, Carl H David E Bakken and Bose, Anjan},
title = {{A failure to communicate: next generation communication requirements, technologies, and architecture for the electric power grid}},
journal = {IEEE Power and Energy Magazine},
year = {2005},
volume = {3},
number = {2},
pages = {47--55}
}

@techreport{usca2003,
author = {{USCA}},
title = {{Final Report on the August 14, 2003 Blackout in the United States and Canada}},
year = {2004}
}

@article{Hedman2008,
author = {Hedman, Kory W and O'Neill, Richard P and Fisher, Emily Bartholomew and Oren, Shmuel S},
journal = {Power Systems, IEEE Transactions on},
year = {2008},
volume = {23},
number = {3},
pages = {1469--1479}
}

@article{Monticelli2000,
author = {Monticelli, A},
title = {{Electric power system state estimation}},
journal = {Proceedings of the IEEE},
year = {2000},
volume = {88},
number = {2},
pages = {262--282}
}

@techreport{utce2007,
author = {{UTCE}},
title = {{Final Report System Disturbance on 4 November 2006}},
year = {2007}
}

@article{Neumayer2008,
author = {Neumayer, Sebastian and Zussman, Gil and Cohen, Reuven and Modiano, Eytan},
title = {{Assessing the impact of geographically correlated network failures}},
journal = {Military Communications Conference (MILCOM)},
year = {2008},
pages = {1--6}
}

@techreport{NY-ISO2004:Online,
author = {{New York Independent System Operator}},
title = {{NY-ISO Interim Report on the August 14, 2003 Blackout}},
year = {2004},
month = jan
}

@article{ParshaniRozenblat2010,
author = {Parshani, Roni and Rozenblat, Celine and Ietri, Daniele and Ducruet, Cesar and Havlin, Shlomo},
title = {{Inter-similarity between coupled networks}},
journal = {EPL (Europhysics Letters)},
year = {2010},
volume = {92},
number = {6},
pages = {68002}
}

@article{Yagan2012,
author = {Yagan, Osman and Qian, Dajun and Zhang, Junshan and Cochran, Douglas},
title = {{Optimal allocation of interconnecting links in cyber-physical systems: Interdependence, cascading failures, and robustness}},
journal = {IEEE Transactions on Parallel and Distributed Systems},
year = {2012},
volume = {23},
number = {9},
pages = {1708--1720}
}

@article{Newman2004,
author = {Newman, Mark EJ},
title = {{Analysis of weighted networks}},
journal = {Physical Review E},
year = {2004},
volume = {70},
number = {5},
pages = {056131}
}

@article{Hines2009,
author = {Hines, Paul Jay Apt and Talukdar, Sarosh},
title = {{Large blackouts in North America: Historical trends and policy implications}},
journal = {Energy Policy},
year = {2009},
volume = {37},
number = {12},
pages = {5249--5259}
}

@inproceedings{Lee:2003hg,
author = {Lee, Jaewook},
title = {{A novel homotopy-based algorithm for the closest unstable equilibrium point method in nonlinear stability analysis}},
booktitle = {Circuits and Systems, 2003. ISCAS '03. Proceedings of the 2003 International Symposium on},
year = {2003},
pages = {--III--11},
publisher = {IEEE}
}

@webpage{MITreport2011:Online,
author = {STUDY, AN INTERDISCIPLINARY MIT},
title = {{The Future of the Electric Grid @ONLINE}},
year = {2011},
month = dec,
url = {http://mitei.mit.edu/system/files/Electric\_Grid\_Full\_Report.pdf}
}

@article{Shahidehpour:ji,
author = {Shahidehpour, M and Yong Fu and Wiedman, T},
title = {{Impact of Natural Gas Infrastructure on Electric Power Systems}},
journal = {Proceedings of the IEEE},
volume = {93},
number = {5},
pages = {1042--1056}
}

@article{Zhao2005,
author = {Zhao, Miang and Abur, Ali},
title = {{Multi area state estimation using synchronized phasor measurements}},
journal = {Power Systems, IEEE Transactions on},
year = {2005},
volume = {20},
number = {2},
pages = {611--617}
}

@article{Nguyen2013,
author = {Nguyen, Dung T and Shen, Yilin and Thai, My T},
title = {{Detecting Critical Nodes in Interdependent Power Networks for Vulnerability Assessment}},
journal = {IEEE Transactions on Smart Grid},
year = {2013},
volume = {4},
number = {1},
pages = {151--159}
}

@article{Ramamurthy2003,
author = {Ramamurthy, S and Sahasrabuddhe, Laxman and Mukherjee, Biswanath},
title = {{Survivable WDM mesh networks}},
journal = {Journal of lightwave technology},
year = {2003},
volume = {21},
number = {4},
pages = {870}
}

@techreport{Zimmerman2011,
author = {Zimmerman, Ray Daniel and Murillo-Sanchez, Carlos Edmundo and Thomas, Robert John},
title = {{MATPOWER: Steady-State Operations, Planning, and Analysis Tools for Power Systems Research and Education}},
year = {2011}
}

@article{Barrows2014,
author = {Barrows, Clayton and Blumsack, Seth and Hines, Paul},
title = {{Correcting Optimal Transmission Switching for AC Power Flows}},
journal = {In System Sciences (HICSS), 47th Hawaii International Conference on},
year = {2014},
pages = {2374--2379}
}

@inproceedings{impChen,
author = {Chen, Quan and Mili, L},
title = {{Risk-based composite power system vulnerability evaluation to cascading failures using importance sampling}},
booktitle = {Power and Energy Society General Meeting, 2011 IEEE},
year = {2011},
pages = {1--6}
}

@article{Chen2005,
author = {Chen, Jie and Thorp, James S and Dobson, Ian},
title = {{Cascading dynamics and mitigation assessment in power system disturbances via a hidden failure model}},
journal = {International Journal of Electrical Power \{\&} Energy Systems},
year = {2005},
volume = {27},
number = {4},
pages = {318--326}
}

@article{Koch2010,
title = {{Mitigation of cascading failures by real-time controlled islanding and graceful load shedding}},
journal = {Bulk Power System Dynamics and Control (iREP)-VIII, iREP Symposium},
year = {2010},
pages = {1--19}
}

@article{Davis2011,
author = {Davis, C Matthew and Overbye, Thomas J},
title = {{Multiple Element Contingency Screening}},
journal = {IEEE Transactions on Power Systems},
year = {2011},
volume = {26},
number = {3},
pages = {1294--1301},
month = aug
}

@article{Neumayer2011,
author = {Neumayer, Sebastian Gil Zussman Reuven Cohen and Modiano, Eytan},
title = {{Assessing the vulnerability of the fiber infrastructure to disasters}},
journal = {Networking, IEEE/ACM Transactions on},
year = {2011},
volume = {19},
number = {6},
pages = {1610--1623}
}

@article{Jayasekara:2006ey,
author = {Jayasekara, B and Annakkage, U D},
title = {{Derivation of an Accurate Polynomial Representation of the Transient Stability Boundary}},
journal = {Power Systems, IEEE Transactions on},
year = {2006},
volume = {21},
number = {4},
pages = {1856--1863}
}

@article{Tomsovic2005,
author = {Tomsovic, Kevin David E Bakken Vaithianathan Venkatasubramanian and Bose, Anjan},
title = {{Designing the next generation of real-time control, communication, and computations for large power systems}},
journal = {Proceedings of the IEEE},
year = {2005},
volume = {93},
number = {5},
pages = {965--979}
}

@article{Villumsen2013,
author = {Villumsen, Jonas Christoffer and Bronmo, Geir and Philpott, Andy B},
title = {{Line capacity expansion and transmission switching in power systems with large-scale wind power}},
journal = {Power Systems, IEEE Transactions on},
year = {2013},
volume = {28},
number = {2},
pages = {731--739}
}

@article{Nerdic2006,
author = {Nedic, Dusko P and Dobson, Ian and Kirschen, Daniel S and Carreras, Benjamin A and Lynch, Vickie E},
title = {{Criticality in a cascading failure blackout model}},
journal = {International Journal of Electrical Power \{\&} Energy Systems},
year = {2006},
volume = {28},
number = {9},
pages = {627--633}
}

@article{Amin2013,
author = {Amin, Saurabh and Schwartz, Galina A and Hussain, Alefiya},
title = {{In quest of benchmarking security risks to cyber-physical systems}},
journal = {Network},
year = {2013},
volume = {27},
number = {1},
pages = {19--24}
}

@article{Rosato2008,
author = {Rosato, Vittorio and Issacharoff, L and Tiriticco, F and Meloni, Sandro and Porcellinis, S and Setola, Roberto},
title = {{Modelling interdependent infrastructures using interacting dynamical models}},
journal = {International Journal of Critical Infrastructures},
year = {2008},
volume = {4},
number = {1},
pages = {63--79}
}

@article{Chen2005,
author = {Chen, Jie and Thorp, James S and Dobson, Ian},
title = {{Cascading dynamics and mitigation assessment in power system disturbances via a hidden failure model}},
journal = {International Journal of Electrical Power \{\&} Energy Systems},
year = {2005},
volume = {27},
number = {4},
pages = {318--326}
}

@article{Balu1992,
author = {Balu, Neal and Member, Senior and Bertram, Timothy and Member, Associate and Brandwajn, Vladimir and Member, Senior and Cauley, Gerry and Curtice, David and Member, Senior and Fouad, Aziz and Fink, Lester and Fellow, Life and Lauby, Mark G and Member, Senior and Bruce, I and Wrubel, Joseph N and Member, Senior},
title = {{On-Line Power System Security Analysis}},
year = {1992},
volume = {80},
number = {2}
}

@article{Gabrijel:2002fi,
author = {Gabrijel, U and Mihalic, R},
title = {{Direct methods for transient stability assessment in power systems comprising controllable series devices}},
journal = {Power Systems, IEEE Transactions on},
year = {2002},
volume = {17},
number = {4},
pages = {1116--1122}
}

@article{Brand1988,
author = {Brandwajn, V},
title = {{Efficient bounding method for linear contingency analysis}},
journal = {IEEE Transactions on Power Systems},
year = {1988},
volume = {3},
number = {1},
pages = {38--43}
}

@inproceedings{HinesDual,
author = {Hines, Paul D H and Dobson, Ian and Cotilla-Sanchez, Eduardo and Eppstein, Margaret},
title = {{Dual Graph and Random Chemistry Methods for Cascading Failure Analysis}},
booktitle = {System Sciences (HICSS), 2013 46th Hawaii International Conference on},
year = {2013},
pages = {2141--2150}
}

@article{Barret2010,
author = {Barrett, Chris and Beckman, Richard and Channakeshava, Karthik and Huang, Fei and Kumar, VS Anil and Marathe, Achla and Marathe, Madhav V and Pei, Guanhong},
title = {{Cascading failures in multiple infrastructures: From transportation to communication network}},
journal = {5th International Conference on Critical Infrastructure (CRIS)},
year = {2010},
pages = {1--8}
}

@article{DeTuglie:2000bj,
author = {De Tuglie, E and Dicorato, M and La Scala, M and Scarpellini, P},
title = {{A corrective control for angle and voltage stability enhancement on the transient time-scale}},
journal = {IEEE Transactions on Power Systems},
year = {2000},
volume = {15},
number = {4},
pages = {1345--1353},
month = nov
}

@article{Ramamurthy1999ICC,
author = {Ramamurthy, S and Mukherjee, Biswanath},
title = {{Survivable WDM mesh networks. Part I-protection}},
journal = {IEEE International Conference on Communications (ICC'99)},
year = {1999},
volume = {3},
pages = {2023--2030}
}

@article{Vasseur2004,
author = {Vasseur, Jean-Philippe and Pickavet, Mario and Demeester, Piet},
title = {{Network recovery: Protection and Restoration of Optical, SONET-SDH, IP, and MPLS}},
year = {2004}
}

@article{Vasseur2004,
author = {Vasseur, Jean-Philippe and Pickavet, Mario and Demeester, Piet},
title = {{Network recovery: Protection and Restoration of Optical, SONET-SDH, IP, and MPLS}},
year = {2004}
}

@article{Koch2010,
title = {{Mitigation of cascading failures by real-time controlled islanding and graceful load shedding}},
journal = {Bulk Power System Dynamics and Control (iREP)-VIII, iREP Symposium},
year = {2010},
pages = {1--19}
}

@article{Qi2013,
author = {Qi, Junjian and Mei, Shengwei and Liu, Feng},
title = {{Blackout Model Considering Slow Process}},
journal = {Power Systems, IEEE Transactions on},
year = {2013},
volume = {28},
number = {3},
pages = {3274--3282}
}

@book{Donde:2006kc,
author = {Donde, V and Lopez, V and Lesieutre, B and Pinar, A and Yang, Chao and Meza, J},
title = {{Identification of severe multiple contingencies in electric power networks}},
publisher = {IEEE},
year = {2006},
month = jun
}

@webpage{PolicyCenter2013:Online,
author = {{Energy} and {Infrastructure Program, Bipartisan Policy Center}},
title = {{Policies for a Modern and Reliable U.S. Electric Grid @ONLINE}},
year = {2013},
month = feb,
url = {http://bipartisanpolicy.org/sites/default/files/Energy\_Grid\_Report%5B1%5D.pdf}
}

@article{Gao2012,
author = {Gao, Jianxi and Buldyrev, Sergey V and Stanley, H Eugene and Havlin, Shlomo},
title = {{Networks formed from interdependent networks}},
journal = {Nature physics},
year = {2012},
volume = {8},
number = {1},
pages = {40--48}
}

@book{Wood1996,
author = {Wood, A J and Wollenberg, B F},
title = {{Power Generation Operation and Control}},
publisher = {Wiley},
year = {1996},
address = {New York}
}

@inproceedings{Caliskan:2013ft,
author = {Caliskan, S Y and Tabuada, P},
title = {{Towards a compositional analysis of multi-machine power systems transient stability}},
booktitle = {Decision and Control (CDC), 2013 IEEE 52nd Annual Conference on},
year = {2013},
pages = {3969--3974},
publisher = {IEEE}
}

@article{Gao2011,
author = {Gao, Jianxi and Buldyrev, Sergey V and Havlin, Shlomo and Stanley, H Eugene},
title = {{Robustness of a network of networks}},
journal = {Physical review letters},
year = {2011},
volume = {107},
number = {19},
pages = {195701}
}

@article{Brandes2005,
author = {Brandes, Ulrik and Fleischer, Daniel},
title = {{Centrality measures based on current flow}},
journal = {Springer Berlin Heidelberg},
year = {2005}
}

@book{Chiang:2011eo,
author = {Chiang, Hsiao-Dong},
title = {{Direct Methods for Stability Analysis of Electric Power Systems}},
publisher = {John Wiley {\&} Sons},
year = {2011},
series = {Theoretical Foundation, BCU Methodologies, and Applications},
address = {Hoboken, NJ, USA},
month = mar
}

@inproceedings{HinesD2,
author = {Hines, P and Apt, J and Talukdar, S},
title = {{Trends in the history of large blackouts in the United States}},
booktitle = {Power and Energy Society General Meeting - Conversion and Delivery of Electrical Energy in the 21st Century, 2008 IEEE},
year = {2008},
pages = {1--8}
}

@article{Willems:1970hh,
author = {Willems, J L and Willems, J C},
title = {{The Application of Lyapunov Methods to the Computation of Transient Stability Regions for Multimachine Power Systems}},
journal = {Power Apparatus and Systems, IEEE Transactions on},
year = {1970},
number = {5},
pages = {795--801}
}

@article{Pahwa2010,
author = {Pahwa, Sakshi and Hodges, Amelia and Scoglio, Caterina and Wood, Sean},
title = {{Topological analysis of the power grid and mitigation strategies against cascading failures}},
journal = {4th Annual Systems Conference},
year = {2010},
pages = {272--276}
}

@article{Anonymous:2013vr,
title = {{Combined Heat and Power: Enabling Resilient Energy Infrastructure for Critical Facilities}},
year = {2013},
pages = {1--45},
month = mar
}

@article{Jaleeli1992,
author = {Jaleeli, Nasser and VanSlyck, Louis S and Ewart, Donald N and Fink, Lester H and Hoffmann, Arthur G},
title = {{Understanding automatic generation control}},
journal = {IEEE Transactions on Power Systems},
year = {1992},
volume = {7},
number = {3},
pages = {1106--1122}
}

@article{Amin2001,
author = {Amin, Massoud},
title = {{Toward self-healing energy infrastructure systems}},
journal = {Computer Applications in Power},
year = {2001},
volume = {14},
number = {1},
pages = {20--28}
}

@article{Leonardi2003,
author = {Leonardi, E and Mellia, M and Marsan, M Ajmone},
title = {{Algorithms for the logical topology design in WDM all-optical networks}},
journal = {Optical Networks Magazine},
year = {2000},
volume = {1},
number = {1},
pages = {35--46}
}

@article{Zio2011,
author = {Zio, Enrico and Sansavini, Giovanni},
title = {{Modeling interdependent network systems for identifying cascade-safe operating margins}},
journal = {IEEE Transactions on Reliability},
year = {2011},
volume = {60},
number = {1},
pages = {94--101}
}

@article{Neumayer2010,
author = {Neumayer, Sebastian and Modiano, Eytan},
title = {{Network reliability with geographically correlated failures}},
journal = {INFOCOM},
year = {2010},
pages = {1--9}
}

@article{Jaleeli1992,
author = {Jaleeli, Nasser and VanSlyck, Louis S and Ewart, Donald N and Fink, Lester H and Hoffmann, Arthur G},
title = {{Understanding automatic generation control}},
journal = {IEEE Transactions on Power Systems},
year = {1992},
volume = {7},
number = {3},
pages = {1106--1122}
}

@article{Glanzmann22005,
title = {{Using FACTS devices to resolve congestions in transmission grids}},
journal = {CIGRE/IEEE PES, International Symposium},
year = {2005},
pages = {347--354}
}

@article{Li2012,
author = {Li, Wei and Bashan, Amir and Buldyrev, Sergey V and Stanley, H Eugene and Havlin, Shlomo},
title = {{Cascading failures in interdependent lattice networks: The critical role of the length of dependency links}},
journal = {Physical review letters},
year = {2012},
volume = {108},
number = {22},
pages = {228702}
}

@webpage{Hospital2012:Online,
title = {{Hospital Evacuation in N.Y. Exposes Outdated Power Backup @ONLINE}},
year = {2012},
month = oct,
url = {http://www.bloomberg.com/news/2012-10-30/new-york-hospital-evacuates-patients-as-sandy-hits-power.html}
}

@article{Kaplunovich2013,
author = {Kaplunovich, P A and Turitsyn, K S},
title = {{Fast selection of N-2 contingencies for online security assessment}},
journal = {Power and Energy Society General Meeting (PES)},
year = {2013},
pages = {1--5}
}

@article{Anonymous:7_BKGoyg,
title = {{A Review of Power Outages and Restoration Following the June 2012 Derecho}},
year = {2012},
pages = {1--17},
month = aug
}

@article{Wu2006,
author = {Wu, Hongxian and Giri, Jay},
title = {{PMU impact on state estimation reliability for improved grid security}},
journal = {Transmission and Distribution Conference and Exhibition, IEEE PES},
year = {2006},
pages = {1349--1351}
}

@webpage{GeneratorProtection:Online,
title = {{Generator Protection @ONLINE}},
url = {http://www.ee.siue.edu/~smuren/ ECE 545 Notes/Ch 11 - Generator Protection.pdf}
}

@article{Chen2005,
author = {Chen, Qiming and Member, Student and Mccalley, J D James D},
title = {{Identifying High Risk N-k Contingencies for Online Security Assessment}},
journal = {IEEE Transactions on Power Systems},
year = {2005},
volume = {20},
number = {2},
pages = {823--834},
month = may
}

@webpage{Hospital2012:Online,
title = {{Hospital Evacuation in N.Y. Exposes Outdated Power Backup @ONLINE}},
year = {2012},
month = oct,
url = {http://www.bloomberg.com/news/2012-10-30/new-york-hospital-evacuates-patients-as-sandy-hits-power.html}
}

@article{Grosso2001,
author = {Grosso, A and Leonardi, Emilio and Mellia, Marco and Nucci, Antonio},
title = {{Logical topologies design over WDM wavelength routed networks robust to traffic uncertainties}},
journal = {IEEE Communications Letters},
year = {2001},
volume = {5},
number = {4},
pages = {172--174}
}

@article{Parandehgheibi2014,
author = {Parandehgheibi, Marzieh Eytan Modiano and Hay, David},
title = {{Mitigating Cascading Failures in Interdependent Power Grids and Communication Networks}},
journal = {submitted to SmartGridComm2014}
}

@book{Ahuja1993,
author = {Ahuja, Ravindra K and Magnanti, Thomas L and Orlin, James B},
title = {{Network flows: theory, algorithms, and applications}},
publisher = {Prentice hall},
year = {1993}
}

@article{Bienstock2011,
author = {Bienstock, Daniel},
title = {{Optimal control of cascading power grid failures}},
journal = {Decision and Control and European Control Conference (CDC-ECC), 50th IEEE Conference on},
year = {2011},
pages = {2166--2173}
}

@webpage{FuelCells2013:Online,
title = {{When the Grid Fails: Fuel cells power critical infrastructure in disasters @ONLINE}},
year = {2013},
month = apr,
url = {http://www.fuelcells.org/uploads/Fuel-Cells-in-Storms.pdf}
}

@article{Gomez:2011hw,
author = {Gomez, F R and Rajapakse, A D and Annakkage, U D and Fernando, I T},
title = {{Support Vector Machine-Based Algorithm for Post-Fault Transient Stability Status Prediction Using Synchronized Measurements}},
journal = {Power Systems, IEEE Transactions on},
year = {2011},
volume = {26},
number = {3},
pages = {1474--1483}
}

@article{Shao2011,
author = {Shao, Jia and Buldyrev, Sergey V and Havlin, Shlomo and Stanley, H Eugene},
title = {{Cascade of failures in coupled network systems with multiple support-dependence relations}},
journal = {Physical Review E},
year = {2011},
volume = {83},
number = {3},
pages = {036116}
}

@webpage{IEC2012:Online,
author = {Market Strategy Board, IEC MSB},
title = {{Grid Integration of Large Capacity Renewable Energy Sources and use of large-capacity Electrical Energy Storage @ONLINE}},
year = {2012},
month = oct,
url = {http://www.iec.ch/whitepaper/pdf/iecWP-gridintegrationlargecapacity-LR-en.pdf}
}

@article{Wang2010,
author = {Wang, Zhifang Anna Scaglione and Thomas, Robert J},
title = {{Electrical centrality measures for electric power grid vulnerability analysis}},
journal = {Decision and Control (CDC), 49th IEEE Conference on},
year = {2010},
pages = {5792--5797}
}

@article{Brummitt2012,
title = {{Suppressing cascades of load in interdependent networks}},
journal = {Proceedings of the National Academy of Sciences},
year = {2012},
volume = {109},
number = {12},
pages = {E680--E689}
}

@article{Dobson2004,
author = {Dobson, Ian and Carreras, Benjamin A and Newman, David E},
title = {{A branching process approximation to cascading load-dependent system failure}},
journal = {System Sciences, Proceedings of the 37th Annual Hawaii International Conference on},
year = {2004}
}

@inproceedings{Mori2001,
author = {Mori, H and Goto, Y},
title = {{A tabu search based approach to (N-k) static contingency selection in power systems}},
booktitle = {Systems, Man, and Cybernetics, 2001 IEEE International Conference on},
year = {2001},
pages = {1954--1959 vol.3}
}

@webpage{Dominik2012:Online,
author = {Dominik Pieniazek, P E},
title = {{Substation Battery Charger @ONLINE}},
year = {2012},
month = feb,
url = {http://www.hv-eng.com/TB002 - Substation Battery Charger.pdf}
}

@article{Yagan2012,
author = {Yagan, Osman and Qian, Dajun and Zhang, Junshan and Cochran, Douglas},
title = {{Optimal allocation of interconnecting links in cyber-physical systems: Interdependence, cascading failures, and robustness}},
journal = {IEEE Transactions on Parallel and Distributed Systems},
year = {2012},
volume = {23},
number = {9},
pages = {1708--1720}
}

@article{Huang2011,
author = {Huang, Xuqing and Gao, Jianxi and Buldyrev, Sergey V and Havlin, Shlomo and Stanley, H Eugene},
title = {{Robustness of interdependent networks under targeted attack}},
journal = {Physical Review E},
year = {2011},
volume = {83},
number = {6},
pages = {065101}
}

@article{Baldick:2008gw,
author = {Baldick, R and Chowdhury, B and Dobson, I},
title = {{Initial review of methods for cascading failure analysis in electric power transmission systems IEEE PES CAMS task force on understanding, prediction, mitigation and {\ldots}}},
journal = {Power and Energy {\ldots}},
year = {2008}
}

@article{Yuan:2003ep,
author = {Yuan, Yue and Kubokawa, J and Sasaki, H},
title = {{A solution of optimal power flow with multicontingency transient stability constraints}},
journal = {Power Systems, IEEE Transactions on},
year = {2003},
volume = {18},
number = {3},
pages = {1094--1102}
}

@article{Shao2011,
author = {Shao, Jia and Buldyrev, Sergey V and Havlin, Shlomo and Stanley, H Eugene},
title = {{Cascade of failures in coupled network systems with multiple support-dependence relations}},
journal = {Physical Review E},
year = {2011},
volume = {83},
number = {3},
pages = {036116}
}

@article{Anonymous:NRYkRGVp,
title = {{Ensuring the resilience of the US electric grid}},
year = {2013},
pages = {1--32},
month = jan
}

@article{Bienstock2010,
author = {Bienstock, Daniel and Verma, Abhinav},
title = {{The N-k Problem in Power Grids: New Models, Formulations, and Numerical Experiments}},
journal = {SIAM J. on Optimization},
year = {2010},
volume = {20},
number = {5},
pages = {2352--2380},
month = jun
}

@book{Hossain2012,
author = {Hossain, Ekram Zhu Han and H Vincent Poor, eds},
title = {{Smart grid communications and networking}},
publisher = {Cambridge University Press},
year = {2012}
}

@article{Lee2010,
author = {Lee, Hyang-Won and Modiano, Eytan and Lee, Kayi},
title = {{Diverse routing in networks with probabilistic failures}},
journal = {IEEE/ACM Transactions on Networking},
year = {2010},
volume = {18},
number = {6},
pages = {1895--1907}
}

@article{Lee2007,
author = {Lee, Earl E and Mitchell, John E and Wallace, William A},
title = {{Restoration of services in interdependent infrastructure systems: A network flows approach}},
journal = {IEEE Transactions on Systems, Man, and Cybernetics, Part C: Applications and Reviews},
year = {2007},
volume = {37},
number = {6},
pages = {1303--1317}
}

@article{Huang2013,
author = {Huang, Zhen and Wang, Cheng and Ruj, Sushmita and Stojmenovic, Milos and Nayak, Amiya},
title = {{Modeling cascading failures in smart power grid using interdependent complex networks and percolation theory}},
journal = {IEEE Conference on Industrial Electronics and Applications (ICIEA)},
year = {2013},
pages = {1023--1028}
}

@article{Bernstein2012,
author = {Bernstein, Andrey and Bienstock, Daniel and Hay, David and Uzunoglu, Meric and Zussman, Gil},
title = {{Power grid vulnerability to geographically correlated failures-analysis and control implications}},
journal = {arXiv preprint arXiv:1206.1099},
year = {2012}
}

@article{Kakimoto:1984kr,
author = {Kakimoto, Naoto and Ohnogi, Yukio and Matsuda, Hisao and Shibuya, Hiroshi},
title = {{Transient Stability Analysis of Large-Scale Power System by Lyapunov's Direct Method}},
journal = {Power Apparatus and Systems, IEEE Transactions on},
year = {1984},
number = {1},
pages = {160--167}
}

@techreport{Green2014:Online,
author = {Green, Bob},
title = {{Governor Response Sequence}},
year = {2014},
month = jan
}

@article{ShengweiMei:fj,
author = {Shengwei Mei and Fei He and Xuemin Zhang and Shengyu Wu and Gang Wang},
title = {{An Improved OPA Model and Blackout Risk Assessment}},
journal = {IEEE Transactions on Power Systems},
volume = {24},
number = {2},
pages = {814--823}
}

@article{Stott2009,
author = {Stott, B and Jardim, J and Alsac, O},
title = {{DC Power Flow Revisited}},
journal = {IEEE Transactions on Power Systems},
year = {2009},
volume = {24},
number = {3},
pages = {1290--1300},
month = aug
}

@article{zavanellih:2005wu,
author = {{zavanellih}},
title = {{pa-Stand-Reliability Standards-tpl-001-0}},
year = {2005},
pages = {1--5},
month = jul
}

@article{Hedman2008,
author = {Hedman, Kory W and O'Neill, Richard P and Fisher, Emily Bartholomew and Oren, Shmuel S},
journal = {Power Systems, IEEE Transactions on},
year = {2008},
volume = {23},
number = {3},
pages = {1469--1479}
}

@article{Lee2010,
author = {Lee, Hyang-Won and Modiano, Eytan and Lee, Kayi},
title = {{Diverse routing in networks with probabilistic failures}},
journal = {IEEE/ACM Transactions on Networking},
year = {2010},
volume = {18},
number = {6},
pages = {1895--1907}
}

@webpage{FuelCells2013:Online,
title = {{When the Grid Fails: Fuel cells power critical infrastructure in disasters @ONLINE}},
year = {2013},
month = apr,
url = {http://www.fuelcells.org/uploads/Fuel-Cells-in-Storms.pdf}
}

@article{Lee2007,
author = {Lee, Earl E and Mitchell, John E and Wallace, William A},
title = {{Restoration of services in interdependent infrastructure systems: A network flows approach}},
journal = {IEEE Transactions on Systems, Man, and Cybernetics, Part C: Applications and Reviews},
year = {2007},
volume = {37},
number = {6},
pages = {1303--1317}
}

@article{Fu:2006iv,
author = {Fu, Y and Shahidehpour, M and Li, Z},
title = {{AC Contingency Dispatch Based on Security-Constrained Unit Commitment}},
journal = {IEEE Transactions on Power Systems},
year = {2006},
volume = {21},
number = {2},
pages = {897--908},
month = may
}

@article{Villumsen2013,
author = {Villumsen, Jonas Christoffer and Bronmo, Geir and Philpott, Andy B},
title = {{Line capacity expansion and transmission switching in power systems with large-scale wind power}},
journal = {Power Systems, IEEE Transactions on},
year = {2013},
volume = {28},
number = {2},
pages = {731--739}
}

@article{Bertsimas2004,
author = {Bertsimas, Dimitris and Sim, Melvyn},
title = {{The price of robustness}},
journal = {Operations research},
year = {2004},
volume = {52},
number = {1},
pages = {35--53}
}

@article{Leonardi2003,
author = {Leonardi, E and Mellia, M and Marsan, M Ajmone},
title = {{Algorithms for the logical topology design in WDM all-optical networks}},
journal = {Optical Networks Magazine},
year = {2000},
volume = {1},
number = {1},
pages = {35--46}
}

@article{Huang2013,
author = {Huang, Zhen and Wang, Cheng and Ruj, Sushmita and Stojmenovic, Milos and Nayak, Amiya},
title = {{Modeling cascading failures in smart power grid using interdependent complex networks and percolation theory}},
journal = {IEEE Conference on Industrial Electronics and Applications (ICIEA)},
year = {2013},
pages = {1023--1028}
}

@article{Mihalic:2004dp,
author = {Mihalic, R and Gabrijel, U},
title = {{A structure-preserving energy function for a static series synchronous compensator}},
journal = {Power Systems, IEEE Transactions on},
year = {2004},
volume = {19},
number = {3},
pages = {1501--1507}
}

@article{Vespignani2010,
author = {Vespignani, Alessandro},
title = {{Complex networks: The fragility of interdependency}},
journal = {Nature},
year = {2010},
volume = {464},
number = {7291},
pages = {984--985}
}

@article{Soudbakhsh2014,
author = {Soudbakhsh, Damoon Aranya Chakrabortty and Annaswamy, Anuradha M},
title = {{Computational Co-Designs for Wide-Area Control of Power Grids}},
journal = {submitted to CDC2014}
}

@article{Bienstock2010,
author = {Bienstock, Daniel and Verma, Abhinav},
title = {{The n-k problem in power grids: New models, formulations, and numerical experiments}},
journal = {SIAM Journal on Optimization},
year = {2010},
volume = {20},
number = {5},
pages = {2352--2380}
}

@article{Mukherjee1996,
author = {Mukherjee, Biswanath Dhritiman Banerjee and Ramamurthy, Sav},
title = {{Some principles for designing a wide-area WDM optical network}},
journal = {IEEE/ACM Transactions on Networking},
year = {1996},
volume = {4},
number = {5},
pages = {684--696}
}

@article{Wu2006,
author = {Wu, Hongxian and Giri, Jay},
title = {{PMU impact on state estimation reliability for improved grid security}},
journal = {Transmission and Distribution Conference and Exhibition, IEEE PES},
year = {2006},
pages = {1349--1351}
}

@article{Turitsyn2013,
author = {Turitsyn, K S and Kaplunovich, P A},
title = {{Fast Algorithm for N-2 Contingency Problem}},
journal = {System Sciences (HICSS), 46th Hawaii International Conference on},
year = {2013},
pages = {2161--2166}
}

@book{Newman2010,
author = {Newman, Mark},
title = {{Networks: an introduction}},
publisher = {Oxford University Press},
year = {2010}
}

@article{Zio2011,
author = {Zio, Enrico and Sansavini, Giovanni},
title = {{Modeling interdependent network systems for identifying cascade-safe operating margins}},
journal = {IEEE Transactions on Reliability},
year = {2011},
volume = {60},
number = {1},
pages = {94--101}
}

@article{Liu:1997co,
author = {Liu, Chih-Wen and Thorp, J S},
title = {{A novel method to compute the closest unstable equilibrium point for transient stability region estimate in power systems}},
journal = {Circuits and Systems I: Fundamental Theory and Applications, IEEE Transactions on},
year = {1997},
volume = {44},
number = {7},
pages = {630--635}
}

@article{Hedman2009,
author = {Hedman, Kory W and O'Neill, Richard P and Fisher, E Bartholomew and Oren, Shmuel S},
title = {{Optimal transmission switching with contingency analysis}},
journal = {Power Systems, IEEE Transactions on},
year = {2009},
volume = {24},
number = {3},
pages = {1577--1586}
}

@article{Lee:2003is,
author = {Lee, Jaewook},
title = {{Dynamic gradient approaches to compute the closest unstable equilibrium point for stability region estimate and their computational limitations}},
journal = {Automatic Control, IEEE Transactions on},
year = {2003},
volume = {48},
number = {2},
pages = {321--324}
}

@article{Amin2013,
author = {Amin, Saurabh and Schwartz, Galina A and Hussain, Alefiya},
title = {{In quest of benchmarking security risks to cyber-physical systems}},
journal = {Network},
year = {2013},
volume = {27},
number = {1},
pages = {19--24}
}

@article{Brummitt2012,
title = {{Suppressing cascades of load in interdependent networks}},
journal = {Proceedings of the National Academy of Sciences},
year = {2012},
volume = {109},
number = {12},
pages = {E680--E689}
}

@article{Donde2008,
author = {Donde, V and Lopez, V and Lesieutre, B and Pinar, A and Meza, J},
title = {{Severe Multiple Contingency Screening in Electric Power Systems}},
journal = {IEEE Transactions on Power Systems},
year = {2008},
volume = {23},
number = {2},
pages = {406--417},
month = may
}

@article{Chiang:1989gn,
author = {Chiang, Hsiao-Dong and Thorp, J S},
title = {{The closest unstable equilibrium point method for power system dynamic security assessment}},
journal = {Circuits and Systems, IEEE Transactions on},
year = {1989},
volume = {36},
number = {9},
pages = {1187--1200}
}

@article{bensonm:2013wt,
author = {{bensonm}},
title = {{pa-Stand-Reliability Standards-prc-006-1}},
year = {2013},
pages = {1--29},
month = jan
}

@article{Dobson2004,
author = {Dobson, Ian and Carreras, Benjamin A and Newman, David E},
title = {{A branching process approximation to cascading load-dependent system failure}},
journal = {System Sciences, Proceedings of the 37th Annual Hawaii International Conference on},
year = {2004}
}

@article{Shahidehpour:bi,
author = {Shahidehpour, M and Tinney, F and Yong Fu},
title = {{Impact of Security on Power Systems Operation}},
journal = {Proceedings of the IEEE},
volume = {93},
number = {11},
pages = {2013--2025}
}

@article{Gao2011,
author = {Gao, Jianxi and Buldyrev, Sergey V and Havlin, Shlomo and Stanley, H Eugene},
title = {{Robustness of a network of networks}},
journal = {Physical review letters},
year = {2011},
volume = {107},
number = {19},
pages = {195701}
}

@article{Nerdic2006,
author = {Nedic, Dusko P and Dobson, Ian and Kirschen, Daniel S and Carreras, Benjamin A and Lynch, Vickie E},
title = {{Criticality in a cascading failure blackout model}},
journal = {International Journal of Electrical Power \{\&} Energy Systems},
year = {2006},
volume = {28},
number = {9},
pages = {627--633}
}

@webpage{Dominik2012:Online,
author = {Dominik Pieniazek, P E},
title = {{Substation Battery Charger @ONLINE}},
year = {2012},
month = feb,
url = {http://www.hv-eng.com/TB002 - Substation Battery Charger.pdf}
}

@article{Neumayer2013,
author = {Neumayer, Sebastian and Modiano, Eytan},
title = {{Assessing the effect of geographically correlated failures on interconnected power-communication networks}},
journal = {Smart Grid Communications (SmartGridComm), 2013 IEEE International Conference on},
year = {2013},
pages = {366--371}
}

@article{Neumayer2010,
author = {Neumayer, Sebastian and Modiano, Eytan},
title = {{Network reliability with geographically correlated failures}},
journal = {INFOCOM},
year = {2010},
pages = {1--9}
}

@article{Neumayer2011,
author = {Neumayer, Sebastian and Modiano, Eytan},
title = {{Network Reliability Under Random Circular Cuts}},
journal = {Global Telecommunications Conference (GLOBECOM 2011)},
year = {2011},
pages = {1--6}
}

@inproceedings{Varaiya:1985ig,
author = {Varaiya, P and Wu, F F and Chen, R L},
title = {{Direct methods for transient stability analysis of power systems: Recent results}},
booktitle = {Proceedings of the IEEE},
year = {1985},
pages = {1703--1715},
publisher = {IEEE}
}

@article{Carreras2002,
author = {Carreras, Benjamin A and Lynch, Vickie E and Dobson, Ian and Newman, David E},
title = {{Critical points and transitions in an electric power transmission model for cascading failure blackouts}},
journal = {Chaos: An interdisciplinary journal of nonlinear science},
year = {2002},
volume = {12},
number = {4},
pages = {985--994}
}

@techreport{NERC2011:Online,
author = {{NERC Resources Subcommittee}},
title = {{Balancing and Frequency Control}},
year = {2011}
}

@article{Ramamurthy1999INFOCOM,
author = {Ramamurthy, S and Mukherjee, Biswanath},
title = {{Survivable WDM mesh networks. Part I-protection}},
journal = {INFOCOM, Eighteenth Annual Joint Conference of the IEEE Computer and Communications Societies},
year = {1999},
volume = {2},
pages = {744--751}
}

@article{Hines2008,
author = {Hines, Paul and Blumsack, Seth},
title = {{A centrality measure for electrical networks}},
journal = {Hawaii International Conference on System Sciences, Proceedings of the 41st Annual},
year = {2008}
}

@techreport{NY-ISO2004:Online,
author = {{New York Independent System Operator}},
title = {{NY-ISO Interim Report on the August 14, 2003 Blackout}},
year = {2004},
month = jan
}

@article{Dutta:2014ie,
author = {Dutta, S and Overbye, T J},
title = {{Feature Extraction and Visualization of Power System Transient Stability Results}},
journal = {Power Systems, IEEE Transactions on},
year = {2014},
volume = {29},
number = {2},
pages = {966--973}
}

@techreport{NERC2003:Online,
author = {{U.S./Canada Power Outage Task Force}},
title = {{August 14, 2003 Outage, Sequence of Events}},
year = {2003},
month = sep
}

@phdthesis{Deepika:2010vu,
author = {{Deepika}},
title = {{Analysis of worst case Power system contingencies using vulnerability frontier}},
year = {2010},
month = jun
}

@article{Irisarri1981,
author = {Irisarri, G and Sasson, A},
title = {{An Automatic Contingency Selection Method for On-Line Security Analysis}},
journal = {Power Apparatus and Systems, IEEE},
year = {1981},
volume = {PAS-100},
number = {4},
pages = {1838--1844},
month = apr
}

@article{Dong:2012fh,
author = {Dong, Zhao-yang and Zhao, Jun Hua and Hill, D J},
title = {{Numerical Simulation for Stochastic Transient Stability Assessment}},
journal = {Power Systems, IEEE Transactions on},
year = {2012},
volume = {27},
number = {4},
pages = {1741--1749}
}

@article{OdunAyo:2012iq,
author = {Odun-Ayo, T and Crow, M L},
title = {{Structure-Preserved Power System Transient Stability Using Stochastic Energy Functions}},
journal = {Power Systems, IEEE Transactions on},
year = {2012},
volume = {27},
number = {3},
pages = {1450--1458}
}

@article{Hristov:2013kc,
author = {Hristov, P E and Yorino, N and Zoka, Y and Sasaki, Y and Sugihara, H},
title = {{Robust method for detection of CUEP for power system transient stability screening}},
journal = {Innovative Smart Grid Technologies Europe (ISGT EUROPE), 2013 4th IEEE/PES},
year = {2013},
pages = {1--5}
}

@article{Kaplunovich2014,
author = {Kaplunovich, P A and Turitsyn, K S},
title = {{Statistical properties and classification of N-2 contingencies in large scale power grids}},
journal = {System Sciences (HICSS), 47th Hawaii International Conference on},
year = {2014},
pages = {2517--2526}
}

@techreport{eaton2012,
author = {{EATON}},
title = {{Power Outage Annual Report}},
year = {2012}
}

@article{Moulin:2004hi,
author = {Moulin, L S and Alves da Silva, A P and El-Sharkawi, M A and Marks, R J II},
title = {{Support vector machines for transient stability analysis of large-scale power systems}},
journal = {IEEE Transactions on Power Systems},
year = {2004},
volume = {19},
number = {2},
pages = {818--825},
month = may
}

@article{Yan:2014bc,
author = {Yan, J and Tang, Y and He, H and Sun, Y},
title = {{Cascading Failure Analysis With DC Power Flow Model and Transient Stability Analysis}},
journal = {Power Systems, IEEE Transactions on},
year = {2014},
number = {99},
pages = {1--13}
}

@article{Glanzmann22005,
title = {{Using FACTS devices to resolve congestions in transmission grids}},
journal = {CIGRE/IEEE PES, International Symposium},
year = {2005},
pages = {347--354}
}

@article{Motter2004,
author = {Motter, Adilson E},
title = {{Cascade control and defense in complex networks}},
journal = {Physical review letters},
year = {2004},
volume = {93},
number = {9},
pages = {098701}
}

@article{RuizVega:2003fc,
author = {Ruiz-Vega, D and Pavella, M},
title = {{A comprehensive approach to transient stability control. I. Near optimal preventive control}},
journal = {IEEE Transactions on Power Systems},
year = {2003},
volume = {18},
number = {4},
pages = {1446--1453},
month = nov
}

@article{Amin2001,
author = {Amin, Massoud},
title = {{Toward self-healing energy infrastructure systems}},
journal = {Computer Applications in Power},
year = {2001},
volume = {14},
number = {1},
pages = {20--28}
}

@article{Chiang:1988jk,
author = {Chiang, Hsiao-Dong and Thorp, J S},
title = {{A constructive algorithm to estimate the stability regions of nonlinear dynamical systems}},
journal = {Circuits and Systems, 1988., IEEE International Symposium on},
year = {1988},
pages = {2453--2456}
}

@article{RuizVega:2003ev,
author = {Ruiz-Vega, D and Pavella, M},
title = {{A comprehensive approach to transient stability control. II. Open loop emergency control}},
journal = {Power Systems, IEEE Transactions on},
year = {2003},
volume = {18},
number = {4},
pages = {1454--1460}
}

@article{Neumayer2011,
author = {Neumayer, Sebastian Gil Zussman Reuven Cohen and Modiano, Eytan},
title = {{Assessing the vulnerability of the fiber infrastructure to disasters}},
journal = {Networking, IEEE/ACM Transactions on},
year = {2011},
volume = {19},
number = {6},
pages = {1610--1623}
}

@article{Buldyrev2010,
author = {Buldyrev, Sergey V and Parshani, Roni and Paul, Gerald and Stanley, H Eugene and Havlin, Shlomo},
title = {{Catastrophic cascade of failures in interdependent networks}},
journal = {Nature},
year = {2010},
volume = {464},
number = {7291},
pages = {1025--1028}
}

@article{Barret2010,
author = {Barrett, Chris and Beckman, Richard and Channakeshava, Karthik and Huang, Fei and Kumar, VS Anil and Marathe, Achla and Marathe, Madhav V and Pei, Guanhong},
title = {{Cascading failures in multiple infrastructures: From transportation to communication network}},
journal = {5th International Conference on Critical Infrastructure (CRIS)},
year = {2010},
pages = {1--8}
}

@article{Ramamurthy1999INFOCOM,
author = {Ramamurthy, S and Mukherjee, Biswanath},
title = {{Survivable WDM mesh networks. Part I-protection}},
journal = {INFOCOM, Eighteenth Annual Joint Conference of the IEEE Computer and Communications Societies},
year = {1999},
volume = {2},
pages = {744--751}
}

@article{Hines2009,
author = {Hines, Paul Jay Apt and Talukdar, Sarosh},
title = {{Large blackouts in North America: Historical trends and policy implications}},
journal = {Energy Policy},
year = {2009},
volume = {37},
number = {12},
pages = {5249--5259}
}

@article{nerc2007,
author = {{NERC}},
title = {{Standard TOP-004-2: Transmission Operations}},
year = {2007}
}

@techreport{Green2014:Online,
author = {Green, Bob},
title = {{Governor Response Sequence}},
year = {2014},
month = jan
}

@article{Johnston2011TON,
author = {Johnston, Matthew and Lee, Hyang-Won and Modiano, Eytan},
title = {{A robust optimization approach to backup network design with random failures}},
journal = {IEEE/ACM Transactions on Networking, To Appear}
}

@article{Ou2004,
author = {Ou, Canhui Sam and Zhang, Jing and Zang, Hui and Sahasrabuddhe, Laxman H and Mukherjee, Biswanath},
title = {{New and improved approaches for shared-path protection in WDM mesh networks}},
journal = {Journal of lightwave technology},
year = {2004},
volume = {22},
number = {5},
pages = {1223}
}

@article{Lv:2013jv,
author = {Lv, Jiaqing and Pawlak, M and Annakkage, U D},
title = {{Prediction of the Transient Stability Boundary Using the Lasso}},
journal = {Power Systems, IEEE Transactions on},
year = {2013},
volume = {28},
number = {1},
pages = {281--288}
}

@article{Qi:ix,
author = {Qi, Junjian and Mei, Shengwei and Liu, Feng},
title = {{Blackout Model Considering Slow Process}},
journal = {IEEE Transactions on Power Systems},
volume = {28},
number = {3},
pages = {3274--3282}
}

@article{Qi2013,
author = {Qi, Junjian and Mei, Shengwei and Liu, Feng},
title = {{Blackout Model Considering Slow Process}},
journal = {Power Systems, IEEE Transactions on},
year = {2013},
volume = {28},
number = {3},
pages = {3274--3282}
}

@book{Bergen1999,
author = {Bergen, Arthur R and Vittal, Vijay},
title = {{Power system analysis}},
publisher = {Prentice-Hall},
year = {1999}
}

@article{Halappanavar2012,
author = {Halappanavar, Mahantesh and Chen, Yousu and Adolf, Robert and Haglin, David and Huang, Zhenyu and Rice, Mark},
title = {{Towards Efficient N-x Contingency Selection Using Group betweenness Centrality}},
journal = {2012 SC Companion: High Performance Computing, Networking Storage and Analysis},
year = {2012},
pages = {273--282},
month = nov
}

@webpage{GeneratorProtection:Online,
title = {{Generator Protection @ONLINE}},
url = {http://www.ee.siue.edu/~smuren/ ECE 545 Notes/Ch 11 - Generator Protection.pdf}
}

@article{Huang2011,
author = {Huang, Xuqing and Gao, Jianxi and Buldyrev, Sergey V and Havlin, Shlomo and Stanley, H Eugene},
title = {{Robustness of interdependent networks under targeted attack}},
journal = {Physical Review E},
year = {2011},
volume = {83},
number = {6},
pages = {065101}
}

@article{Son2012,
author = {Son, Seung-Woo and Bizhani, Golnoosh and Christensen, Claire and Grassberger, Peter and Paczuski, Maya},
title = {{Percolation theory on interdependent networks based on epidemic spreading}},
journal = {EPL (Europhysics Letters)},
year = {2012},
volume = {97},
number = {1},
pages = {16006}
}

@article{Chen2012,
author = {Chen, R L and Cohn, Amy and Fan, Neng and Pinar, Ali},
title = {{Nk-e Survivable Power System Design}},
journal = {Proceedings of Probabilistic Methods Applied to Power Systems},
year = {2012}
}

@article{Hedman2009,
author = {Hedman, Kory W and O'Neill, Richard P and Fisher, E Bartholomew and Oren, Shmuel S},
title = {{Optimal transmission switching with contingency analysis}},
journal = {Power Systems, IEEE Transactions on},
year = {2009},
volume = {24},
number = {3},
pages = {1577--1586}
}

@article{Carreras2002,
author = {Carreras, Benjamin A and Lynch, Vickie E and Dobson, Ian and Newman, David E},
title = {{Critical points and transitions in an electric power transmission model for cascading failure blackouts}},
journal = {Chaos: An interdisciplinary journal of nonlinear science},
year = {2002},
volume = {12},
number = {4},
pages = {985--994}
}

@article{Neumayer2013,
author = {Neumayer, Sebastian and Modiano, Eytan},
title = {{Assessing the effect of geographically correlated failures on interconnected power-communication networks}},
journal = {Smart Grid Communications (SmartGridComm), 2013 IEEE International Conference on},
year = {2013},
pages = {366--371}
}

@book{Hossain2012,
author = {Hossain, Ekram Zhu Han and H Vincent Poor, eds},
title = {{Smart grid communications and networking}},
publisher = {Cambridge University Press},
year = {2012}
}

@article{Guler2007,
author = {Guler, T and Gross, G},
title = {{Detection of island formation and identification of causal factors under multiple line outages}},
journal = {IEEE Transactions on Power Systems},
year = {2007},
volume = {22},
number = {2},
pages = {505--513},
month = may
}

@article{Glanzmann2005,
title = {{Coordinated control of FACTS devices based on optimal power flow}},
journal = {Power Symposium, Proceedings of the 37th Annual North America},
year = {2005},
pages = {141--148}
}

@article{Liu2009,
author = {Liu, Junqi Azwirman Gusrialdi Dragan Obradovic and Hirche, Sandra},
title = {{Study on the effect of time delay on the performance of distributed power grids with networked cooperative control}},
journal = {1st IFAC Workshop on Estimation and Control of Networked Systems},
year = {2009},
pages = {168--173}
}

@article{Neumayer2008,
author = {Neumayer, Sebastian and Zussman, Gil and Cohen, Reuven and Modiano, Eytan},
title = {{Assessing the impact of geographically correlated network failures}},
journal = {Military Communications Conference (MILCOM)},
year = {2008},
pages = {1--6}
}

@article{Bienstock2011,
author = {Bienstock, Daniel},
title = {{Optimal control of cascading power grid failures}},
journal = {Decision and Control and European Control Conference (CDC-ECC), 50th IEEE Conference on},
year = {2011},
pages = {2166--2173}
}

@article{Ramamurthy2003,
author = {Ramamurthy, S and Sahasrabuddhe, Laxman and Mukherjee, Biswanath},
title = {{Survivable WDM mesh networks}},
journal = {Journal of lightwave technology},
year = {2003},
volume = {21},
number = {4},
pages = {870}
}

@article{Son2012,
author = {Son, Seung-Woo and Bizhani, Golnoosh and Christensen, Claire and Grassberger, Peter and Paczuski, Maya},
title = {{Percolation theory on interdependent networks based on epidemic spreading}},
journal = {EPL (Europhysics Letters)},
year = {2012},
volume = {97},
number = {1},
pages = {16006}
}

@article{Gardner2007,
author = {Gardner, R Matthew and Consortium, G},
title = {{A survey of ICT vulnerabilities of power systems and relevant defense methodologies}},
journal = {Power Engineering Society General Meeting},
year = {2007},
pages = {1--8}
}

@article{Bertsimas2004,
author = {Bertsimas, Dimitris and Sim, Melvyn},
title = {{The price of robustness}},
journal = {Operations research},
year = {2004},
volume = {52},
number = {1},
pages = {35--53}
}

@article{Rinaldi2001,
author = {Rinaldi, Steven M and Peerenboom, James P and Kelly, Terrence K},
title = {{Identifying, understanding, and analyzing critical infrastructure interdependencies}},
journal = {Control Systems},
year = {2001},
volume = {21},
number = {6},
pages = {11--25}
}

@article{Li2013,
author = {Li, Chih-ping and Modiano, Eytan},
title = {{Receiver-based flow control for networks in overload}},
journal = {INFOCOM, 2013 Proceedings IEEE},
year = {2013},
pages = {2949--2957}
}

@article{Kaplunovich2013,
author = {Kaplunovich, P A and Turitsyn, K S},
title = {{Fast selection of N-2 contingencies for online security assessment}},
journal = {Power and Energy Society General Meeting (PES)},
year = {2013},
pages = {1--5}
}

@article{Hines2008,
author = {Hines, Paul and Blumsack, Seth},
title = {{A centrality measure for electrical networks}},
journal = {Hawaii International Conference on System Sciences, Proceedings of the 41st Annual},
year = {2008}
}

@book{West2001,
author = {West, Douglas Brent},
title = {{Introduction to graph theory}},
publisher = {Upper Saddle River: Prentice hall},
year = {2001},
volume = {2}
}

@book{Kundur1994,
author = {Kundur, Prabha},
title = {{Power system stability and control}},
publisher = {New York: McGraw-hill},
year = {1994},
volume = {7}
}

@article{Mukherjee1996,
author = {Mukherjee, Biswanath Dhritiman Banerjee and Ramamurthy, Sav},
title = {{Some principles for designing a wide-area WDM optical network}},
journal = {IEEE/ACM Transactions on Networking},
year = {1996},
volume = {4},
number = {5},
pages = {684--696}
}

@article{Gao2012,
author = {Gao, Jianxi and Buldyrev, Sergey V and Stanley, H Eugene and Havlin, Shlomo},
title = {{Networks formed from interdependent networks}},
journal = {Nature physics},
year = {2012},
volume = {8},
number = {1},
pages = {40--48}
}

@article{Johnston2011TON,
author = {Johnston, Matthew and Lee, Hyang-Won and Modiano, Eytan},
title = {{A robust optimization approach to backup network design with random failures}},
journal = {IEEE/ACM Transactions on Networking, To Appear}
}

@article{Enns1982,
author = {Enns, Mark and Quada, John and Sackett, Bert},
title = {{Fast Linear Contingency Analysis}},
journal = {Power Apparatus and Systems, IEEE},
year = {1982},
volume = {PAS-101},
number = {4},
pages = {783--791},
month = apr
}

@article{Newman2004,
author = {Newman, Mark EJ},
title = {{Analysis of weighted networks}},
journal = {Physical Review E},
year = {2004},
volume = {70},
number = {5},
pages = {056131}
}

@book{Machowski:1997vr,
author = {Machowski, Jan and Bumby, James Richard},
title = {{Power System Dynamics and Stability}},
publisher = {John Wiley {\&} Sons},
year = {1997},
month = oct
}

@article{Parshani2010,
author = {Parshani, Roni and Buldyrev, Sergey V and Havlin, Shlomo},
title = {{Interdependent networks: Reducing the coupling strength leads to a change from a first to second order percolation transition}},
journal = {Physical review letters},
year = {2010},
volume = {105},
number = {4},
pages = {048701}
}

@article{Nguyen2013,
author = {Nguyen, Dung T and Shen, Yilin and Thai, My T},
title = {{Detecting Critical Nodes in Interdependent Power Networks for Vulnerability Assessment}},
journal = {IEEE Transactions on Smart Grid},
year = {2013},
volume = {4},
number = {1},
pages = {151--159}
}

@article{Force:2004vi,
author = {Force, U S Canada Task},
title = {{The Cascade Stage of the Blackout}},
year = {2004},
pages = {1--30},
month = apr
}

@article{Soudbakhsh2014,
author = {Soudbakhsh, Damoon Aranya Chakrabortty and Annaswamy, Anuradha M},
title = {{Computational Co-Designs for Wide-Area Control of Power Grids}},
journal = {submitted to CDC2014}
}

@article{Dobson2003,
author = {Dobson, Ian and Carreras, Benjamin A and Newman, David E},
title = {{A probabilistic loading-dependent model of cascading failure and possible implications for blackouts}},
journal = {System Sciences, Proceedings of the 36th Annual Hawaii International Conference on},
year = {2003}
}

@article{Brandes2005,
author = {Brandes, Ulrik and Fleischer, Daniel},
title = {{Centrality measures based on current flow}},
journal = {Springer Berlin Heidelberg},
year = {2005}
}

@article{Wang2010,
author = {Wang, Zhifang Anna Scaglione and Thomas, Robert J},
title = {{Electrical centrality measures for electric power grid vulnerability analysis}},
journal = {Decision and Control (CDC), 49th IEEE Conference on},
year = {2010},
pages = {5792--5797}
}

@article{Chen2005,
author = {Chen, Qiming and Member, Student and Mccalley, J D James D},
title = {{Identifying High Risk N-k Contingencies for Online Security Assessment}},
journal = {IEEE Transactions on Power Systems},
year = {2005},
volume = {20},
number = {2},
pages = {823--834},
month = may
}

@article{NabaviNiaki:1996br,
author = {Nabavi-Niaki, A and Iravani, M R},
title = {{Steady-state and dynamic models of unified power flow controller (UPFC) for power system studies}},
journal = {IEEE Transactions on Power Systems},
year = {1996},
volume = {11},
number = {4},
pages = {1937--1943},
month = nov
}

@book{Ahuja1993,
author = {Ahuja, Ravindra K and Magnanti, Thomas L and Orlin, James B},
title = {{Network flows: theory, algorithms, and applications}},
publisher = {Prentice hall},
year = {1993}
}

@article{WesternHandbook,
author = {{Western Electricicty Coordinating Council, Operating committee handbook, III-119, Revised}},
year = {2005}
}

@article{Rinaldi2001,
author = {Rinaldi, Steven M and Peerenboom, James P and Kelly, Terrence K},
title = {{Identifying, understanding, and analyzing critical infrastructure interdependencies}},
journal = {Control Systems},
year = {2001},
volume = {21},
number = {6},
pages = {11--25}
}

@book{Kundur1994,
author = {Kundur, Prabha},
title = {{Power system stability and control}},
publisher = {New York: McGraw-hill},
year = {1994},
volume = {7}
}

@article{Chen:2009gs,
author = {Chen, Lei and Min, Yong and Xu, Fei and Wang, Kai-Peng},
title = {{A Continuation-Based Method to Compute the Relevant Unstable Equilibrium Points for Power System Transient Stability Analysis}},
journal = {Power Systems, IEEE Transactions on},
year = {2009},
volume = {24},
number = {1},
pages = {165--172}
}

@article{Turitsyn2013,
author = {Turitsyn, K S and Kaplunovich, P A},
title = {{Fast Algorithm for N-2 Contingency Problem}},
journal = {System Sciences (HICSS), 46th Hawaii International Conference on},
year = {2013},
pages = {2161--2166}
}

@article{Eppstein2011,
author = {Eppstein, Margaret J MJ and Hines, Paul D H},
title = {{A {\textquotedblleft} Random Chemistry {\textquotedblright} Algorithm for Identifying Multiple Contingencies that Initiate Cascading Failure}},
journal = {IEEE Transactions on Power Systems},
year = {2011},
number = {99}
}

@webpage{Murty:Online,
author = {Murty, M S R},
url = {http://www.sari-energy.org/PageFiles/What\_We\_Do/activities/CEB\_Power\_Systems\_ Simulation\_Training,\_Colombo,\_Sri\_Lanka/Course\_ppts/Lecture\_44\_AGC\_1.pdf}
}

@article{Bernstein2012,
author = {Bernstein, Andrey and Bienstock, Daniel and Hay, David and Uzunoglu, Meric and Zussman, Gil},
title = {{Power grid vulnerability to geographically correlated failures-analysis and control implications}},
journal = {arXiv preprint arXiv:1206.1099},
year = {2012}
}

@article{Zweigle:2013ia,
author = {Zweigle, G C and Venkatasubramanian, V},
title = {{Wide-Area Optimal Control of Electric Power Systems With Application to Transient Stability for Higher Order Contingencies}},
journal = {Power Systems, IEEE Transactions on},
year = {2013},
volume = {28},
number = {3},
pages = {2313--2320}
}

@article{Anonymous:AjwolPQp,
title = {{Reliability and Availability Evaluation for Highly Meshed Network Systems: Status}},
year = {2004},
pages = {1--8},
month = feb
}

@article{Zhao2005,
author = {Zhao, Miang and Abur, Ali},
title = {{Multi area state estimation using synchronized phasor measurements}},
journal = {Power Systems, IEEE Transactions on},
year = {2005},
volume = {20},
number = {2},
pages = {611--617}
}

@article{Kaplunovich2014,
author = {Kaplunovich, P A and Turitsyn, K S},
title = {{Statistical properties and classification of N-2 contingencies in large scale power grids}},
journal = {System Sciences (HICSS), 47th Hawaii International Conference on},
year = {2014},
pages = {2517--2526}
}

@article{Yan2013,
author = {Yan, Jun and Member, Student and Zhu, Yihai and He, Haibo and Member, Senior and Sun, Yan Lindsay},
title = {{Multi-Contingency Cascading Analysis of Smart Grid Based on Self-Organizing Map}},
year = {2013},
volume = {8},
number = {4},
pages = {646--656}
}

@inproceedings{Dosano2009,
author = {Dosano, Rodel D and Song, Hwachang and Lee, Byongjun},
title = {{Network centrality based N-k contingency scenario generation}},
booktitle = {2009 Transmission \{\&} Distribution Conference \{\&} Exposition: Asia and Pacific},
year = {2009},
pages = {1--4},
publisher = {IEEE},
month = oct
}

@techreport{NERC2003:Online,
author = {{U.S./Canada Power Outage Task Force}},
title = {{August 14, 2003 Outage, Sequence of Events}},
year = {2003},
month = sep
}

@article{Johnson2007,
author = {Johnson, Chris W},
title = {{Analysing the causes of the Italian and Swiss Blackout, 28 th September 2003}},
journal = {Proceedings of the twelfth Australian workshop on Safety critical systems and software and safety-related programmable systems},
year = {2007},
volume = {86},
pages = {21--30}
}

@inproceedings{Chiang:1992ct,
author = {Chiang, Hsiao-Dong and Fekih-Ahmed, L},
title = {{On the direct method for transient stability analysis of power system structure preserving models}},
booktitle = {Circuits and Systems, 1992. ISCAS '92. Proceedings., 1992 IEEE International Symposium on},
year = {1992},
pages = {2545--2548},
publisher = {IEEE}
}

@article{Dobson2003,
author = {Dobson, Ian and Carreras, Benjamin A and Newman, David E},
title = {{A probabilistic loading-dependent model of cascading failure and possible implications for blackouts}},
journal = {System Sciences, Proceedings of the 36th Annual Hawaii International Conference on},
year = {2003}
}

@article{Liu2009,
author = {Liu, Junqi Azwirman Gusrialdi Dragan Obradovic and Hirche, Sandra},
title = {{Study on the effect of time delay on the performance of distributed power grids with networked cooperative control}},
journal = {1st IFAC Workshop on Estimation and Control of Networked Systems},
year = {2009},
pages = {168--173}
}

@article{Neumayer2011,
author = {Neumayer, Sebastian and Modiano, Eytan},
title = {{Network Reliability Under Random Circular Cuts}},
journal = {Global Telecommunications Conference (GLOBECOM 2011)},
year = {2011},
pages = {1--6}
}

@article{Buldyrev2011,
author = {Buldyrev, Sergey V and Shere, Nathaniel W and Cwilich, Gabriel A},
title = {{Interdependent networks with identical degrees of mutually dependent nodes}},
journal = {Physical Review E},
year = {2011},
volume = {83},
number = {1},
pages = {016112}
}

@article{Ejebe1979,
author = {Ejebe, G and Wollenberg, B},
title = {{Automatic Contingency Selection}},
journal = {Power Apparatus and Systems, IEEE},
year = {1979},
volume = {PAS-98},
number = {1},
pages = {97--109},
month = jan
}

@article{Lee:2004ch,
author = {Lee, Jaewook and Chiang, Hsiao-Dong},
title = {{A singular fixed-point homotopy method to locate the closest unstable equilibrium point for transient stability region estimate}},
journal = {Circuits and Systems II: Express Briefs, IEEE Transactions on},
year = {2004},
volume = {51},
number = {4},
pages = {185--189}
}

@webpage{PolicyCenter2013:Online,
author = {{Energy} and {Infrastructure Program, Bipartisan Policy Center}},
title = {{Policies for a Modern and Reliable U.S. Electric Grid @ONLINE}},
year = {2013},
month = feb,
url = {http://bipartisanpolicy.org/sites/default/files/Energy\_Grid\_Report%5B1%5D.pdf}
}

@article{Pahwa2010,
author = {Pahwa, Sakshi and Hodges, Amelia and Scoglio, Caterina and Wood, Sean},
title = {{Topological analysis of the power grid and mitigation strategies against cascading failures}},
journal = {4th Annual Systems Conference},
year = {2010},
pages = {272--276}
}


@article{barabasi2002linked,
  title={Linked: How everything is connected to everything else and what it means},
  author={Barabasi, Albert-Laszlo},
  journal={Plume Editors},
  year={2002}
}

@article{buldyrev2010catastrophic,
  title={Catastrophic cascade of failures in interdependent networks},
  author={Buldyrev, Sergey V and Parshani, Roni and Paul, Gerald and Stanley, H Eugene and Havlin, Shlomo},
  journal={Nature},
  volume={464},
  number={7291},
  pages={1025--1028},
  year={2010},
  publisher={Nature Publishing Group}
}

@article{fisher2008optimal,
  title={Optimal transmission switching},
  author={Fisher, E Bartholomew and O'Neill, Richard P and Ferris, Michael C},
  journal={Power Systems, IEEE Transactions on},
  volume={23},
  number={3},
  pages={1346--1355},
  year={2008},
  publisher={IEEE}
}

@inproceedings{hedman2011review,
  title={A review of transmission switching and network topology optimization},
  author={Hedman, Kory W and Oren, Shmuel S and O'Neill, Richard P},
  booktitle={Power and Energy Society General Meeting, 2011 IEEE},
  pages={1--7},
  year={2011},
  organization={IEEE}
}

@inproceedings{zhang2011geometry,
  title={Geometry of feasible injection region of power networks},
  author={Zhang, Baosen and Tse, David},
  booktitle={Communication, Control, and Computing (Allerton), 2011 49th Annual Allerton Conference on},
  pages={1508--1515},
  year={2011},
  organization={IEEE}
}

@inproceedings{lavaei2012geometry,
  title={Geometry of power flows in tree networks},
  author={Lavaei, Javad and Tse, David and Zhang, Baosen},
  booktitle={Power and Energy Society General Meeting, 2012 IEEE},
  pages={1--8},
  year={2012},
  organization={IEEE}
}

@article{makarov2008convexity,
  title={On convexity of power flow feasibility boundary},
  author={Makarov, Yuri V and Dong, Zhao Yang and Hill, David J},
  journal={Power Systems, IEEE Transactions on},
  volume={23},
  number={2},
  pages={811--813},
  year={2008},
  publisher={IEEE}
}

@article{venkatasubramanian1995local,
  title={Local bifurcations and feasibility regions in differential-algebraic systems},
  author={Venkatasubramanian, Vaithianathan and Schattler, H and Zaborszky, John},
  journal={Automatic Control, IEEE Transactions on},
  volume={40},
  number={12},
  pages={1992--2013},
  year={1995},
  publisher={IEEE}
}

@misc{github,
  author = {Turitsyn, K S},
  title = {N-2 Contingency screening algorithm}
  ,
  howpublished = {\url https://github.com/pekap/N$\_2\_$contingency$\_$analysis},
  note = {Accessed: 2014-07-15}
}

@article{zimmerman2011matpower,
  title={MATPOWER: Steady-state operations, planning, and analysis tools for power systems research and education},
  author={Zimmerman, Ray Daniel and Murillo-S{\'a}nchez, Carlos Edmundo and Thomas, Robert John},
  journal={Power Systems, IEEE Transactions on},
  volume={26},
  number={1},
  pages={12--19},
  year={2011},
  publisher={IEEE}
}

@article{milano2008open,
  title={An open source power system virtual laboratory: The PSAT case and experience},
  author={Milano, Federico and Vanfretti, Luigi and Morataya, Juan Carlos},
  journal={Education, IEEE Transactions on},
  volume={51},
  number={1},
  pages={17--23},
  year={2008},
  publisher={IEEE}
}

@phdthesis{bezanson2012julia,
  title={Julia: an efficient dynamic language for technical computing},
  author={Bezanson, Jeffrey Werner},
  year={2012},
  school={Massachusetts Institute of Technology}
}

@inproceedings{chowdhury2000power,
  title={Power education at the crossroads},
  author={Chowdhury, Badrul H},
  year={2000},
  organization={Institute of Electrical and Electronics Engineers}
}

@article{chakrabortty2012wide,
  title={Wide-area damping control of power systems using dynamic clustering and TCSC-based redesigns},
  author={Chakrabortty, Aranya},
  journal={Smart Grid, IEEE Transactions on},
  volume={3},
  number={3},
  pages={1503--1514},
  year={2012},
  publisher={IEEE}
}

@inproceedings{chakrabortty2013introduction,
  title={Introduction to wide-area control of power systems},
  author={Chakrabortty, Aranya and Khargonekar, Pramod P},
  booktitle={American Control Conference (ACC), 2013},
  pages={6758--6770},
  year={2013},
  organization={IEEE}
}

@article{dennice2,
  title={Distributed Estimation of Interarea Oscillation Modes in Large Power Systems Using Alternating Direction Multiplier Method},
  author={Gayme, D F and Chakrabortty, A},
  year={2014},
  journal={Control Systems Technology, IEEE Transactions on}
  volume={22},
  number={4},
}

@inproceedings{behzadacc,
  title={Using Wind Farm Siting and Control for Shaping Inter-area Oscillations in Large Power Systems},
  author={Nabavi, S and Chakrabortty, A},
  booktitle={IEEE PES General Meeting, Washington DC},
  year={2014},
  publisher={IEEE}
}


@article{chandra2014coordinating,
  title={Coordinating Wind Farms and Battery Management Systems for Inter-Area Oscillation Damping: A Frequency-Domain Approach},
  author={Chandra, Souvik and Gayme, Dennice F and Chakrabortty, Aranya},
  year={2014},
  journal={Power Systems, IEEE Transactions on}
  volume={29},
  number={3},
}